3428 5256
776 345 957 404 Inventarr'a.
1430 345 1486 427 183

333 556 411 619 ltem
425 557 464 618 ad
481 557 617 620 eandem
634 556 744 618 cistam
763 557 931 639 posuimus
947 575 1060 639 pacem
1077 570 1273 638 argenteam,
1291 557 1489 637 deauratam,

228 683 300 724 cum
325 682 385 724 suo
409 664 630 726 reservatorio.

334 768 409 829 Item
435 768 557 830 ibidem
575 767 742 851 posuimus
759 767 824 830 duo
840 767 983 848 salseria,
995 788 1096 831 unum
1114 782 1302 851 argenteum
1327 768 1488 850 reliquum

228 874 267 935 de
292 874 478 937 calcedonia
502 894 574 937 cum
604 887 737 955 argento
761 888 919 939 ornatum.

333 981 411 1042 Item
425 996 498 1044 octo
514 981 670 1043 coclearia
687 992 848 1063 argentea,
862 980 996 1062 optima,
1013 1000 1076 1061 que
1094 980 1184 1042 cuius
1199 981 1276 1058 sint,
1294 979 1489 1061 ignoramus.

332 1087 410 1149 ltem
435 1087 475 1148 ad
500 1087 635 1149 eandem
660 1086 770 1149 cistam
787 1085 953 1169 posuimus
976 1087 1055 1149 duas
1073 1087 1243 1170 amphoras
1269 1087 1417 1165 maiores,
1442 1106 1490 1148 ar·

225 1207 367 1274 genteas,
391 1194 506 1274 partim
531 1212 610 1255 auro
635 1207 773 1255 ornatas.

326 1298 410 1361 ltem
435 1299 475 1360 ad
501 1299 637 1360 eandem
662 1299 772 1360 cistam
797 1299 966 1380 posuimus
1000 1317 1134 1381 cappam
1168 1298 1323 1361 maiorem
1348 1317 1490 1378 auream,

230 1424 438 1486 purpuream,
463 1424 591 1483 novam,
616 1405 733 1467 coloris
760 1404 946 1485 supradicti,
972 1404 1162 1466 subductam
1194 1403 1357 1487 thapbwta
1382 1407 1490 1483 rubea,

228 1525 258 1571 et
283 1530 380 1571 unam
406 1511 548 1573 tabulam
573 1524 757 1593 argenteam
784 1529 841 1592 pro
858 1510 975 1572 viatico
998 1510 1223 1593 compositam,
1248 1510 1444 1574 deauratam.

334 1617 412 1679 ltem
438 1617 470 1677 in
505 1617 641 1679 eandem
675 1618 785 1678 cistam
819 1616 986 1698 posuimus
1017 1617 1158 1678 casulam
1195 1616 1338 1679 eiusdem
1363 1616 1490 1694 coloris,

228 1737 383 1799 auratam,
409 1723 565 1805 optimam
584 1737 615 1784 et
630 1741 758 1800 novam,
776 1742 848 1784 cum
871 1722 1024 1784 omnibus
1046 1723 1111 1784 suis
1127 1722 1308 1785 attinenciis
1332 1723 1371 1785 ad
1396 1724 1489 1784 sacri-

227 1828 335 1891 ficium
360 1830 468 1891 altaris
491 1829 736 1911 pertinentibus.

334 1936 411 1998 ltem
437 1937 604 2018 posuimus
629 1956 731 1997 unum
756 1948 906 1997 ornatum
928 1935 1088 2016 integrum
1107 1936 1146 1998 de
1170 1956 1310 2020 purpura
1335 1939 1443 2016 rubea,
1460 1951 1491 2000 et

229 2062 326 2104 unam
350 2062 484 2124 cappam
509 2044 653 2119 rubeam,
678 2054 833 2120 auratam,
859 2055 1044 2103 veteranam
1069 2062 1105 2103 ac
1129 2043 1296 2123 optimam.

335 2148 411 2210 ltem
437 2169 538 2209 unum
563 2162 713 2210 ornatum
745 2149 836 2210 rubei
869 2146 987 2209 coloris
1018 2147 1057 2209 de
1090 2148 1203 2210 attlacz
1235 2169 1307 2210 cum
1339 2150 1491 2212 omnibus

228 2256 293 2316 suis
317 2255 508 2318 attinenciis.

335 2361 412 2422 ltem
444 2361 622 2422 secundum
655 2374 804 2422 ornatum
837 2362 972 2422 rubeum
1005 2360 1151 2422 similiter
1183 2361 1223 2424 de
1257 2363 1382 2442 attlacz,
1416 2384 1489 2425 cum

227 2469 379 2529 omnibus
402 2469 467 2528 suis
490 2467 681 2544 attinenciis,
704 2486 776 2528 cum
802 2467 949 2546 insigniis
976 2467 1099 2529 domini
1127 2468 1263 2531 Osualdi
1288 2471 1445 2552 episcopi.

334 2576 412 2638 ltetn
437 2575 571 2636 tercium
597 2588 745 2636 ornatum
763 2576 911 2651 rubeum,
935 2591 1094 2654 auratum,
1111 2577 1282 2658 optimum,
1307 2597 1380 2640 cum
1398 2599 1490 2641 cruce

227 2696 399 2765 gemmata,
425 2702 481 2763 per
505 2680 642 2743 condam
668 2681 837 2742 dominum
864 2680 1042 2763 Georgium
1075 2682 1312 2766 suffraganeum
1336 2685 1376 2747 de
1401 2685 1490 2748 Tho-

228 2792 361 2872 polczlta
386 2789 540 2870 legatum,
563 2787 661 2849 simul
685 2807 759 2848 cum
788 2789 855 2849 suis
878 2789 1069 2852 attinenciis.

334 2896 412 2957 lrem
437 2910 586 2976 quartum
604 2909 753 2955 ornatum
778 2893 818 2954 de
842 2893 956 2956 attlacz
972 2895 1152 2977 pawonacii
1177 2895 1305 2975 coloris,
1330 2898 1489 2980 optimum

229 3018 259 3064 et
281 3021 414 3078 novum,
438 3020 510 3061 cum
535 3000 688 3061 omnibus
710 3000 776 3061 suis
799 3001 989 3064 attinenciis.

333 3106 411 3169 ltem
436 3107 475 3167 ad
501 3106 638 3167 eandem
663 3106 773 3167 cistam
800 3107 968 3189 posuimus
995 3122 1134 3189 quatuor
1158 3127 1275 3190 cappas
1297 3128 1356 3189 pro
1380 3108 1490 3181 ebora-

226 3228 296 3276 tura
322 3214 362 3275 ad
387 3213 595 3275 solennitates
615 3217 754 3275 maiores
778 3214 988 3293 necessarias,
1021 3214 1059 3277 de
1091 3235 1231 3297 purpura
1255 3217 1389 3298 optima,
1413 3217 1492 3280 duas

227 3323 342 3382 rubeas
366 3335 397 3381 et
420 3319 498 3380 alias
522 3319 601 3380 duas
623 3319 752 3380 viridas.

333 3424 410 3485 ltem
435 3424 572 3506 desuper
596 3424 635 3485 ad
661 3425 898 3507 plenitudinem
924 3426 1068 3488 eiusdem
1093 3427 1171 3488 ciste
1196 3427 1364 3509 posuimus
1388 3448 1488 3491 unum

229 3534 363 3608 bonum,
389 3550 523 3607 novum,
547 3530 724 3612 thapetum.

335 3846 412 3906 ltem
437 3846 477 3905 ad
510 3848 687 3908 secundum
720 3849 873 3909 scrinium
907 3849 1006 3929 latum
1040 3865 1071 3911 et
1103 3850 1227 3910 declive
1251 3851 1419 3930 posuimus
1444 3871 1492 3911 res

229 3950 464 4033 infrascriptae:
491 3952 649 4032 imprimis
684 3955 853 4034 posuimus
876 3955 908 4015 in
934 3954 1034 4015 londo
1067 3975 1167 4016 unum
1192 3954 1356 4037 thapetum
1382 3970 1413 4016 et
1437 3956 1491 4017 dc·

228 4075 324 4138 super
348 4070 411 4118 tres
434 4072 567 4117 ornatus
590 4077 662 4119 cum
691 4060 844 4120 omnibus
876 4062 942 4120 suis
972 4062 1165 4139 attinenciis,
1198 4061 1281 4123 duos
1314 4062 1491 4142 pawonacii

227 4163 346 4225 coloris
370 4178 401 4225 et
425 4165 559 4226 tercium
587 4163 678 4224 flavei
704 4165 833 4241 coloris,
857 4166 896 4225 de
921 4185 1060 4248 purpura
1085 4169 1219 4247 optima.

335 4270 413 4332 ltem
439 4286 586 4353 quartum
605 4284 754 4332 ornatum
780 4271 820 4331 de
837 4291 976 4353 purpura
1005 4273 1076 4333 alba
1094 4293 1173 4335 auro
1197 4272 1314 4352 thexta,
1339 4296 1491 4338 unacum

227 4395 328 4459 cappa
354 4398 436 4437 nova
462 4392 492 4437 et
517 4377 639 4458 optima
665 4396 737 4438 curn
763 4379 828 4438 suis
851 4380 1042 4440 attinenciis.

336 4482 414 4542 ltem
439 4482 479 4542 ad
504 4482 640 4542 eandem
666 4483 777 4544 cistam
811 4485 980 4565 posuimus
1010 4505 1108 4547 unam
1139 4486 1280 4568 pixidem
1305 4489 1493 4570 oblongam,

227 4603 414 4668 argenteam
440 4590 556 4669 partim
580 4588 778 4666 deauratam,
794 4589 835 4650 ad
852 4608 950 4672 quam
967 4605 1114 4674 tempore
1138 4595 1394 4656 consecracionis
1411 4596 1493 4675 ignis

230 4708 262 4756 et
285 4693 443 4755 crismatis
465 4709 631 4775 ponuntur
654 4713 765 4755 cruces
788 4695 883 4760 ciree.

338 4796 415 4862 item
441 4799 481 4862 sd
505 4799 642 4862 eaodem
667 4796 790 4884 [cistam
819 4802 988 4886 posuimus
1017 4803 1150 4869 calicem
1180 4823 1313 4871 aureum
1337 4824 1412 4867 cum
1436 4824 1494 4870 sus
