3428 5256
768 363 950 422 Inventam.
1426 357 1461 422 ιὸ
1467 381 1482 438 5

328 574 403 634 ltem
430 573 550 635 ibidem
576 572 743 654 posuimus
760 571 839 632 duas
863 572 987 632 strictas
1004 590 1115 648 novas,
1140 573 1254 632 rubeas
1278 571 1316 632 de
1343 591 1482 654 purpura

222 678 397 758 florizatha,
422 698 494 740 cum
521 678 586 739 suis
611 678 802 740 attinenciis.

327 785 403 846 ltem
430 784 548 846 ibidem
574 784 743 866 posuimus
771 783 850 845 duas
867 784 1035 865 ampolnas
1066 783 1215 861 maiores,
1240 799 1405 865 argenteas
1429 783 1483 844 de·

223 905 360 969 auratas,
385 910 441 972 per
465 890 603 951 condam
629 889 797 950 dominum
824 888 1004 951 Osualdum
1024 890 1210 970 episcopum
1237 889 1367 950 ecclesie
1385 889 1483 966 datas,

221 1017 294 1059 curn
320 996 490 1057 duodecim
517 996 612 1057 discis
635 997 795 1076 argenteis
819 996 850 1055 in
875 1015 935 1056 suo
959 995 1160 1056 reservaculo
1184 995 1380 1076 compositis.

327 1102 403 1163 ltem
429 1101 508 1163 duas
532 1121 649 1184 cappas
673 1101 712 1162 de
736 1099 874 1162 atthlacz
899 1101 988 1161 rubei
1014 1100 1145 1162 coloris.

328 1207 405 1268 ltem
430 1207 559 1268 terciam
585 1225 719 1290 cappam
745 1207 868 1288 nigram
894 1224 967 1266 cum
991 1223 1051 1265 suo
1078 1219 1180 1283 scuto,
1204 1223 1320 1265 novam
1345 1218 1376 1266 et
1400 1205 1483 1286 opti-

223 1333 307 1374 mam
333 1314 372 1374 de
397 1332 536 1394 purpure
561 1312 672 1374 electa.

328 1419 405 1480 ltem
431 1418 470 1479 ad
496 1418 631 1480 candem
657 1420 767 1480 cistam
801 1436 897 1499 super
930 1437 979 1478 res
1011 1417 1204 1499 prescriptas
1234 1417 1403 1499 posuimus
1426 1436 1485 1498 pro

223 1539 414 1605 coopertura
439 1543 544 1584 rerum
570 1543 670 1584 unum
693 1524 839 1605 pulcrum
865 1522 1061 1603 thapecium.

843 1680 856 1708 t

793 1720 806 1747 Ὀ
893 1719 906 1745 ί

328 1826 405 1887 ltem
431 1825 470 1887 ad
495 1825 629 1886 tercium
646 1825 805 1886 scrineum
825 1825 934 1886 album
953 1841 983 1885 et
1001 1826 1104 1886 maius
1129 1825 1295 1906 posuimus
1320 1842 1368 1883 res
1387 1820 1482 1882 infra·

222 1934 371 2016 scriptas:
397 1933 556 2014 imprimis
580 1931 611 1992 in
637 1929 736 1991 fondo
762 1931 929 2012 posuimus
962 1950 1062 1991 unum
1088 1944 1178 1992 vetus
1202 1929 1376 2011 thapetum.

331 2039 408 2100 ltern
441 2038 481 2099 ad
514 2037 650 2100 eandem
683 2037 792 2098 cistam
825 2037 907 2097 duos
931 2051 1061 2097 ornatos
1096 2037 1236 2117 integros
1268 2035 1306 2096 de
1345 2053 1485 2116 purpura

224 2145 325 2225 nigra,
350 2145 483 2226 optima,
508 2163 580 2205 cum
613 2144 764 2205 omnibus
798 2142 864 2202 suis
895 2142 1088 2219 attinenciis,
1125 2161 1196 2203 cunt
1223 2141 1348 2202 duabus
1371 2140 1487 2201 strictis

222 2250 365 2312 eiusdem
393 2249 511 2311 coloris
535 2263 565 2311 et
589 2250 654 2310 suis
677 2247 869 2311 attinenciis.

330 2356 408 2417 Item
434 2355 554 2417 ibidem
579 2355 747 2437 posuimus
774 2354 853 2415 alias
879 2355 959 2415 duas
982 2355 1106 2416 strictas
1138 2355 1237 2431 albas,
1270 2353 1309 2413 de
1334 2373 1486 2434 purpure,

222 2481 302 2525 auro
326 2462 446 2539 rhexta,
470 2481 544 2523 cum
568 2462 634 2522 suis
662 2460 851 2521 attinenciis.

329 2568 406 2629 ltem
433 2567 578 2649 quinque
603 2567 726 2628 strictas
743 2567 858 2626 rubeas
875 2566 914 2626 de
932 2566 1048 2627 attlacz
1065 2568 1187 2646 absque
1205 2566 1271 2626 suis
1294 2565 1485 2626 attinenciis.

329 2672 406 2734 ltem
433 2672 552 2732 ibidem
578 2673 746 2753 posuimus
764 2671 844 2732 duas
867 2672 989 2733 strictas
1006 2671 1094 2732 albas
1118 2672 1157 2731 de
1182 2668 1306 2747 attlacz,
1331 2690 1403 2730 cum
1422 2669 1487 2729 suis

222 2779 412 2843 attinenciis.

328 2884 405 2946 ltem
429 2884 577 2945 similiter
601 2883 680 2944 duas
703 2884 827 2945 strictas
851 2903 925 2945 cum
948 2884 1015 2945 suis
1031 2881 1213 2945 attinenciis
1236 2879 1329 2942 flavei
1356 2880 1486 2957 coloris,

222 2990 261 3052 de
286 2991 410 3072 optimo
436 3009 587 3072 purpure.

327 3095 403 3158 ltem
431 3110 515 3157 certa
541 3096 702 3176 quantitas
726 3094 765 3156 de
790 3114 860 3156 raso
885 3096 985 3155 rubeo
1020 3113 1077 3175 pro
1102 3093 1175 3154 velo
1198 3091 1239 3153 ad
1265 3093 1352 3154 diem
1378 3093 1487 3154 Parus·

229 3223 322 3264 ceves
345 3202 385 3263 sd
410 3202 643 3284 exportandum
669 3220 793 3262 sacrum
819 3201 931 3261 crisma
964 3219 1059 3261 cum:
1083 3218 1103 3260 o
1128 3199 1337 3280 Redemptor.

331 3307 407 3369 ltem
422 3307 530 3367 velum
549 3325 607 3387 pro
625 3304 795 3367 festivitate
813 3304 968 3387 Corporis
981 3303 1112 3382 Christi,
1125 3323 1198 3365 cunt
1212 3304 1279 3364 suis
1295 3303 1487 3366 attinenciis.

335 3431 411 3491 ltem
437 3431 477 3492 ad
502 3431 614 3492 eadem
640 3431 716 3491 cista
742 3430 843 3512 posita
867 3443 941 3491 sunt
965 3429 1076 3490 decem
1108 3428 1284 3490 humeralia
1310 3444 1340 3490 et
1363 3444 1485 3511 septem

224 3536 318 3598 stolle
343 3556 415 3598 cum
441 3538 586 3619 quinque
611 3537 795 3618 manipulis.

331 3642 408 3704 ltem
434 3645 465 3704 in
492 3643 626 3705 eandem
652 3643 761 3705 cistam
787 3643 955 3724 posuimus
979 3642 1058 3703 duas
1088 3662 1221 3724 mappas
1244 3641 1353 3702 altaris
1377 3660 1487 3717 novas,

224 3748 263 3809 ad
289 3748 386 3808 altare
412 3749 520 3809 minus
542 3749 666 3809 domini
693 3747 829 3809 Osualdi
863 3748 1005 3828 episcopi
1039 3748 1247 3828 pertinentes,
1272 3747 1312 3808 de
1336 3764 1408 3806 raso
1432 3764 1487 3826 op·

223 3854 315 3931 timo,
340 3874 403 3914 una
429 3873 545 3936 mappa
571 3855 658 3915 rubei
685 3855 784 3914 altera
808 3853 902 3914 viridi
927 3853 1054 3915 coloris.

331 3960 406 4020 ltem
433 3960 473 4020 ad
499 3959 582 4020 idem
608 3960 706 4021 altare
731 3960 827 4021 tercia
853 3979 968 4041 mappa
993 3960 1032 4021 de
1057 3960 1170 4020 attlacz
1196 3959 1289 4020 viridi
1315 3958 1444 4020 coloris.

332 4067 408 4129 ltem
434 4068 601 4148 posuimus
626 4066 705 4127 duas
722 4086 854 4147 mappas
875 4067 1023 4143 maiores,
1047 4066 1190 4126 adaram
1217 4065 1373 4126 maiorem
1393 4065 1488 4146 perti·

224 4190 347 4249 nentes,
373 4174 412 4233 de
437 4173 562 4249 attlacz,
587 4191 650 4233 una
675 4173 768 4233 viridi
794 4173 856 4234 alia
881 4173 969 4233 rubei
996 4173 1125 4233 coloris.

331 4281 409 4342 ltem
433 4279 473 4338 ad
506 4277 641 4339 eandem
678 4298 765 4338 aram
799 4297 861 4339 una
894 4297 1009 4359 magna
1042 4297 1157 4358 mappa
1183 4279 1222 4339 de
1247 4278 1372 4357 attlacz,
1397 4297 1485 4339 more

225 4387 368 4449 musaico
392 4384 582 4466 composita,
606 4385 728 4466 optima
751 4400 782 4447 et
806 4405 899 4447 nova.

331 4492 409 4553 ltem
434 4491 500 4552 duo
524 4491 715 4553 candelabra
740 4507 901 4572 argentea,
925 4491 1086 4552 deaurata.

331 4599 407 4659 Item
433 4597 495 4659 alia
520 4598 585 4659 duo
610 4597 800 4659 candelabra
826 4597 946 4660 maiora
979 4612 1140 4678 argentea,
1165 4615 1228 4656 non
1255 4595 1416 4657 deaurata.

332 4704 409 4766 ltem
434 4705 496 4765 due
521 4722 630 4766 cruces
653 4703 693 4765 ad
717 4703 844 4783 vexilla,
869 4722 996 4784 magne,
1019 4717 1167 4784 argentee
1185 4702 1337 4763 deaurate
1363 4702 1402 4762 de
1427 4717 1485 4781 op·

226 4811 305 4873 timo
330 4809 452 4872 labore.
