3428 5256
270 309 304 350 ra
797 297 883 352 Anao
905 304 995 374 1473.

266 525 473 567 communem
491 506 530 565 ab
548 505 682 582 oriente,
707 518 737 565 et
754 524 855 585 usque
873 504 1037 586 quandam
1054 506 1138 567 viam
1156 506 1196 567 ad
1213 507 1389 588 predictam
1407 523 1534 573 turrem

263 612 461 690 tendentem,
486 610 627 671 mediam
652 610 774 671 curiam
792 611 830 671 ad
851 630 943 672 usum
961 611 1044 673 dicte
1070 612 1217 693 civitatis,
1239 627 1271 676 et
1295 634 1396 697 usque
1413 635 1532 697 quem·

263 718 336 778 dam
362 717 459 778 alium
487 715 621 778 fundum
648 716 746 797 ipsius
764 716 891 778 Martini
917 717 1031 779 literati
1049 737 1066 779 a
1083 719 1337 801 septemtrionali
1361 734 1450 804 parte
1469 722 1528 786 ha·

263 825 376 902 bitum,
391 842 487 905 quern
502 824 568 906 ipse
587 823 743 884 Martinus
757 823 899 885 literatus
909 844 967 905 pro
984 824 1181 903 seduxisset,
1198 838 1230 887 et
1243 845 1345 907 usque
1359 827 1526 908 quandam

262 930 346 990 viam
364 947 570 991 communem
588 948 687 1010 penes
710 929 846 989 eandem
871 944 993 991 turrem
1018 929 1159 992 habitam
1176 930 1216 992 ad
1241 932 1348 993 menia
1372 932 1456 995 dicte
1483 936 1528 997 ci·

261 1035 367 1096 vitatis
379 1048 410 1095 et
427 1054 528 1116 usque
545 1034 719 1115 quemdam
732 1034 867 1114 gradum
885 1049 1093 1116 spectantem,
1118 1035 1268 1099 iratribus
1285 1038 1458 1101 Heremitis
1484 1040 1527 1104 de

261 1140 483 1220 promontorio
517 1139 714 1219 zagrabiensi
740 1139 873 1201 ecclesie
906 1160 961 1202 seu
989 1141 1127 1203 claustro
1151 1142 1243 1203 beate
1268 1142 1368 1204 Marie
1390 1143 1529 1225 virginis

261 1265 318 1326 pro
334 1246 444 1326 viginti
459 1259 532 1306 octo
546 1245 616 1308 flor.
628 1245 824 1307 vendidisset
837 1246 905 1327 jure
916 1263 1071 1329 perpetuo
1088 1248 1328 1330 possidendam,
1342 1250 1384 1312 ita
1401 1264 1525 1332 tamen,

261 1351 348 1431 quod
376 1349 488 1432 prefati
517 1351 681 1412 Heremite
706 1352 806 1433 ipsam
832 1367 951 1413 turrem
976 1355 1035 1414 sub
1060 1356 1144 1416 bona
1169 1354 1389 1436 disposicione
1413 1370 1525 1419 tenere

261 1470 291 1517 et
314 1477 440 1518 servare
465 1457 613 1534 debeant,
638 1469 668 1517 et
693 1471 837 1539 tempore
862 1459 1058 1521 necessitatis
1082 1479 1139 1521 seu
1163 1461 1359 1522 obsessionis
1384 1480 1440 1543 per
1463 1462 1527 1524 ini-

261 1563 361 1623 micos
386 1563 470 1624 dicte
488 1563 625 1623 civitatis
649 1577 790 1645 apertam
810 1578 914 1624 nostre
933 1565 1155 1628 communitati
1174 1565 1249 1629 dare
1275 1581 1306 1629 et
1329 1566 1362 1629 in
1386 1569 1526 1631 eandem

262 1669 377 1730 intrare
403 1683 589 1743 teneantur;
623 1684 653 1729 et
683 1689 778 1750 super
811 1670 872 1731 hoc
904 1685 951 1734 est
982 1672 1102 1733 eisdem
1135 1672 1309 1735 Heremitis
1332 1673 1404 1735 data
1429 1674 1524 1737 litera

260 1789 366 1835 nostra
390 1775 609 1856 privilegialis.

364 1880 440 1940 ltcm
466 1880 541 1960 quia
567 1882 702 1940 condam
736 1881 783 1941 vir
807 1881 961 1962 providus
992 1882 1138 1943 Andreas
1169 1881 1255 1944 filius
1287 1885 1438 1968 Symonis
1462 1885 1523 1951 filii

262 1985 437 2063 Michaelis,
463 1986 541 2046 olim
567 1985 661 2065 judex
687 1985 769 2047 dicte
787 1987 933 2064 civitatis,
958 1987 1045 2048 dedit
1078 2003 1109 2048 et
1140 1990 1339 2070 proprinavit
1362 1991 1519 2055 directam

259 2106 289 2152 et
314 2092 460 2173 equalem
488 2092 691 2152 medietatem
709 2092 875 2153 cuiusdam
901 2093 1017 2154 domus
1032 2114 1087 2154 sue
1106 2094 1223 2174 lignee,
1248 2095 1422 2179 celariique
1447 2101 1523 2160 sub·

257 2198 393 2258 terranei
420 2198 449 2258 in
476 2198 559 2258 dicta
585 2197 721 2276 civitate,
754 2198 857 2279 ipsum
887 2219 903 2259 a
937 2199 1070 2279 provida
1104 2200 1238 2261 muliere
1265 2202 1378 2263 Vrsula
1406 2219 1522 2267 vocata

258 2305 365 2364 relicta
390 2304 527 2365 condam
554 2304 693 2364 ladislai
720 2303 742 2363 F
748 2303 875 2385 wdrych
901 2304 988 2382 dicti,
1018 2305 1098 2366 olim
1131 2307 1262 2368 concive
1288 2322 1405 2388 nostra,
1430 2329 1522 2391 emp-

257 2411 359 2471 cionis
384 2410 478 2470 titulo
504 2410 675 2472 literatorie
701 2425 959 2487 concernentem,
983 2431 999 2471 a
1026 2425 1114 2492 parte
1147 2412 1297 2475 videlicet
1319 2416 1521 2497 septemtrio·

257 2518 321 2577 nali
347 2532 376 2578 et
401 2536 498 2598 penes
522 2517 618 2577 aliam
644 2517 777 2577 domum
804 2532 960 2578 muratam
988 2518 1107 2579 Mathis
1132 2520 1263 2580 sartoris
1285 2521 1395 2601 generi
1421 2522 1523 2603 ipsius

256 2624 393 2684 condam
420 2623 548 2684 Andree
574 2622 768 2704 Symvvnych
795 2621 954 2698 habitam;
980 2624 1054 2684 item
1077 2624 1250 2705 quamdam
1276 2626 1404 2688 vineam
1427 2648 1520 2690 suam

257 2731 287 2789 in
313 2730 474 2791 territorio
513 2728 595 2789 dicte
634 2729 770 2790 civitatis
804 2729 885 2790 inter
917 2729 1090 2810 quamdam
1124 2731 1250 2793 vineam
1275 2752 1364 2794 suam
1390 2752 1406 2794 a
1430 2748 1520 2817 parte

255 2835 520 2917 septemtrionali,
552 2854 607 2916 per
640 2850 757 2895 metam
790 2835 955 2896 cuiusdam
989 2836 1112 2896 arboris
1144 2837 1287 2915 sorbelli,
1320 2858 1376 2920 per
1401 2854 1518 2902 metam

255 2941 462 3021 procedendo
487 2943 526 3002 ab
552 2961 613 3001 una
640 2956 728 3021 parte
764 2955 794 3002 et
827 2942 908 3003 inter
941 2941 1065 3003 vineam
1100 2943 1212 3004 Briccii
1238 2945 1379 3026 agricole
1405 2947 1519 3030 Myrko

256 3047 343 3124 dicti,
369 3048 509 3108 concivis
534 3047 644 3124 nostri,
669 3047 830 3107 mediante
864 3046 982 3107 fossato
1015 3067 1050 3108 ac
1079 3068 1169 3109 secus
1195 3050 1277 3111 viam
1312 3071 1462 3133 magnam
1487 3069 1518 3115 et

255 3172 461 3215 communem
489 3153 649 3227 habitam;
683 3153 799 3213 domus
833 3172 909 3214 vero
934 3154 1077 3215 continet
1108 3174 1204 3217 unam
1238 3172 1385 3237 quartam
1410 3173 1441 3222 et
1465 3179 1517 3223 oc-

256 3273 360 3319 tavam
387 3260 483 3335 curie,
517 3258 605 3318 dedit
638 3272 668 3318 et
700 3259 883 3340 propinavit
915 3280 986 3320 cum
1020 3261 1153 3341 provida
1187 3262 1321 3323 muliere
1354 3264 1516 3327 Dorothea

255 3363 316 3424 lilia
343 3385 399 3425 sua
424 3365 527 3425 eidem
549 3364 666 3425 Mathie
689 3384 808 3444 genero
833 3385 891 3427 suo
926 3380 955 3427 et
971 3364 1035 3427 filie
1060 3367 1125 3427 suis
1150 3380 1307 3430 eteorum
1333 3370 1515 3452 heredibus,

255 3471 372 3551 quihus
396 3470 467 3530 data
493 3485 539 3530 cst
564 3471 653 3531 litera
680 3485 787 3531 nostra
813 3471 1021 3552 privilegialis
1049 3473 1108 3532 sub
1132 3473 1239 3554 sigillo
1264 3477 1515 3539 communitatis.

256 3612 294 3620 —
321 3576 396 3636 ltem
423 3576 585 3656 quandam
611 3592 733 3657 partem
758 3577 924 3637 cuiusdam
948 3592 1030 3638 terre
1059 3598 1115 3640 suc
1140 3580 1269 3640 arabilis
1294 3582 1325 3642 in
1351 3602 1466 3666 campo
1485 3598 1516 3647 et

254 3682 415 3742 territorio
440 3683 522 3742 dicte
555 3682 693 3743 civitatis
726 3683 757 3742 in
790 3683 862 3743 loco
896 3683 1101 3764 Cyrkwische
1134 3685 1307 3765 appellato,
1332 3687 1413 3749 inter
1438 3689 1517 3751 alias

253 3804 351 3847 terras
375 3788 510 3848 arabiles
528 3788 671 3848 ciusdem
691 3788 817 3849 Andree
843 3789 957 3868 judicis
973 3803 1003 3849 et
1019 3807 1238 3850 successorum
1256 3791 1394 3851 condam
1414 3794 1515 3856 Bene·

255 3894 330 3953 dicti
359 3894 464 3954 lledck
489 3895 575 3971 dicti,
600 3896 640 3954 ab
665 3894 856 3955 occidentali
875 3910 974 3976 parte,
998 3908 1029 3955 et
1053 3892 1230 3956 Clementis
1253 3894 1393 3974 agricole
1412 3896 1515 3962 fratris

254 4000 398 4060 ciusdem
424 4002 561 4061 condam
587 4002 714 4062 Andree
740 4000 854 4082 judicis
879 4016 908 4062 et
934 4001 1062 4061 Thome
1092 3996 1317 4079 Heryhovvych
1343 4002 1382 4061 ab
1407 4005 1513 4066 orien-

253 4107 306 4166 tali
334 4120 431 4187 partc,
458 4127 581 4168 necnon
600 4109 680 4168 inter
705 4107 784 4167 duas
817 4109 883 4167 vius
907 4123 1114 4179 communes,
1139 4121 1235 4163 unam
1261 4124 1278 4163 a
1304 4107 1510 4171 meridionali

253 4228 281 4272 ct
307 4214 403 4273 aliam
429 4234 444 4273 a
470 4214 721 4294 septemtrionali
742 4215 884 4295 partibus
902 4213 1040 4273 habitam
1058 4222 1088 4270 et
1105 4210 1304 4287 existentem,
1322 4228 1395 4273 octo
1412 4215 1512 4277 dictas

253 4335 333 4380 terre
360 4320 389 4378 in
417 4340 450 4379 se
475 4321 679 4397 continentis,
704 4320 851 4381 similiter
876 4318 997 4379 eisdem
1031 4313 1169 4376 dedisset
1192 4326 1223 4373 et
1248 4319 1444 4382 contulisset.

360 4425 436 4485 ltent
463 4427 536 4507 quia
563 4429 717 4509 providus
749 4429 795 4488 vir
829 4428 949 4509 Symon
985 4421 1050 4485 Lab
1082 4421 1196 4496 dictus,
1228 4423 1370 4485 concivis
1394 4443 1511 4507 noster,

252 4532 336 4593 lilius
360 4533 488 4593 Thomc
515 4535 590 4594 ll'llt
616 4535 691 4595 dicti
717 4534 755 4595 dc
782 4533 958 4609 Drasewcz,
987 4526 1131 4590 vendidit
1170 4526 1303 4587 domum
1329 4551 1419 4592 suam
1445 4548 1509 4595 tam

252 4639 348 4719 lignei
375 4658 471 4719 quarn
497 4640 614 4721 lapidei
640 4642 747 4722 operis
770 4641 802 4702 in
834 4638 916 4701 dicta
949 4634 1087 4711 civitate,
1110 4630 1206 4693 simul
1238 4651 1310 4695 curn
1343 4636 1446 4700 fundo
1479 4657 1509 4703 et

253 4746 371 4809 celario
396 4746 603 4809 subterraneo
628 4747 658 4811 in
685 4747 768 4813 dicta
793 4744 919 4811 civitate
942 4741 1025 4806 inter
1047 4739 1129 4805 duos
1164 4734 1282 4803 fundos
1305 4752 1337 4803 ct
1362 4741 1509 4813 hedilicia
