3428 5256
230 1664 265 1738 In
294 1687 387 1738 anno
415 1662 556 1737 Domini
578 1662 765 1737 millesimo
785 1662 1045 1736 trecentesimo
1065 1663 1299 1759 sexagesimo
1321 1663 1492 1737 secundo.

231 1787 442 1886 Registrum
482 1787 617 1861 Iactum
655 1808 764 1885 super
801 1808 978 1884 expensas
1017 1786 1293 1877 communitatis
1330 1794 1494 1884 tempore

224 1910 406 2007 judicatus
435 1909 684 2007 circumspecti
714 1905 897 1983 Valentini
936 1908 1074 2001 iudiciS,
1103 1906 1163 1983 fiIii
1194 1904 1389 1998 MichaeIiS‚
1419 1930 1492 1982 mo·

635 2030 734 2106 demi
762 2030 888 2107 iudicis
916 2031 1084 2107 civitatis.

336 2278 413 2338 Item
438 2276 514 2337 dedi
539 2275 669 2337 Thome
702 2277 903 2357 carpentario
934 2276 963 2336 X
995 2275 1155 2352 denarios,
1191 2276 1245 2356 qui
1280 2275 1436 2336 laboravit
1462 2275 1492 2335 in

228 2383 330 2463 gradu
356 2384 437 2443 circa
462 2396 586 2463 portam
613 2380 799 2442 carnificum
824 2382 927 2464 prima
952 2382 1015 2459 die,
1040 2395 1071 2442 et
1094 2381 1236 2442 secunda
1261 2380 1313 2441 die
1339 2380 1394 2441 XII
1420 2380 1493 2441 den.

230 2490 269 2550 Et
293 2489 355 2551 emi
382 2489 490 2551 clavos
514 2487 631 2549 XXVII
658 2488 808 2549 denariis.

335 2593 413 2655 Item
439 2594 471 2654 in
495 2591 577 2654 festo
602 2591 751 2674 Gregorii
777 2593 914 2655 emimus
948 2593 1049 2674 pisces
1074 2611 1132 2674 pro
1157 2592 1293 2654 domiuo
1320 2593 1408 2653 Bano
1434 2610 1493 2673 pro

228 2701 329 2761 tribus
353 2700 423 2762 flor.
447 2715 479 2762 et
504 2701 530 2760 X
556 2701 628 2762 den.
656 2699 733 2760 Item
759 2700 874 2760 iterum
901 2699 1039 2760 emImus
1055 2699 1158 2780 pisces
1182 2699 1283 2759 salsos
1309 2698 1425 2758 LXXX
1442 2718 1493 2759 so·

229 2806 303 2867 lidis
337 2821 368 2868 et
392 2807 479 2868 aIeca
506 2825 563 2887 pro
596 2805 705 2866 medio
739 2804 874 2866 floreno.
908 2804 985 2866 Item
1021 2823 1120 2886 panes
1152 2823 1209 2885 pro
1234 2802 1291 2864 CC
1316 2803 1390 2865 den.
1415 2803 1492 2865 Item

229 2912 294 2991 risi,
327 2911 492 2989 mandale,
524 2912 645 2993 turpari,
678 2909 756 2973 ficus
788 2930 846 2992 pro
879 2910 966 2972 CCC
998 2926 1029 2971 et
1060 2911 1237 2991 nonaginta
1269 2910 1396 2971 duobus
1420 2910 1493 2973 den.

228 3017 305 3078 Item
331 3036 431 3078 unum
457 3037 511 3078 vas
541 3017 607 3078 vini
640 3036 697 3098 pro
730 3016 851 3078 Vflor.
885 3017 961 3078 Item
995 3015 1104 3078 fenum
1136 3016 1202 3077 duo
1226 3035 1337 3077 currus
1361 3031 1391 3077 et
1416 3030 1492 3077 stra·

228 3124 315 3185 mIna
340 3123 405 3184 duo
430 3142 541 3184 currus
565 3142 623 3204 pro
648 3123 657 3183 I
683 3122 753 3184 flor.

331 3229 408 3290 Item
433 3230 677 3312 propinavimus
701 3229 811 3290 comiti
838 3229 977 3290 Martino
994 3247 1092 3310 panes
1117 3246 1174 3308 pro
1201 3228 1377 3289 XXXXIIII
1405 3228 1492 3306 dem,

229 3351 259 3400 et
283 3336 322 3397 de
347 3338 468 3418 pabulo
493 3356 551 3419 pro
577 3337 633 3397 LX
657 3336 730 3400 den.
821 3392 824 3398 .

334 3444 412 3504 Item
437 3443 512 3504 dedi
538 3443 696 3525 Dyonisio
720 3457 751 3504 et
776 3442 887 3504 MicIIn
919 3439 1058 3503 carnifici
1085 3439 1111 3501 C
1136 3440 1221 3518 den,
1244 3442 1300 3522 qui
1326 3441 1490 3502 conduxe-

229 3565 302 3610 runt
327 3548 512 3611 malvasiam
537 3563 569 3610 et
592 3548 671 3610 alias
695 3569 745 3610 res
762 3547 885 3609 domiui
906 3547 984 3609 Bani
1008 3546 1047 3608 ad
1066 3546 1265 3624 Ztubiczam,
1289 3565 1369 3627 quas
1386 3546 1494 3628 propi·

228 3670 358 3717 noverat
382 3675 490 3716 comes
515 3655 696 3737 Stephanus
720 3654 856 3716 domitio
882 3653 982 3716 Buno.

334 3761 410 3823 Item
442 3761 516 3822 dedi
535 3761 671 3823 civitatis
688 3761 885 3838 homiuibus,
902 3759 957 3841 qui
976 3773 1183 3840 portaverunt
1200 3760 1312 3840 cignos
1335 3774 1367 3821 et
1383 3774 1495 3820 anates

229 3867 297 3927 VIII
323 3887 437 3949 pensas
454 3867 527 3930 den.
544 3881 574 3929 et
591 3867 711 3928 eisdem
730 3867 804 3929 dedi
822 3867 881 3927 XX
902 3866 987 3942 dem,
1016 3865 1103 3946 quod
1130 3879 1374 3948 reportaverunt
1391 3885 1492 3927 unum

228 3973 355 4033 missale
380 3972 419 4034 de
444 3972 577 4035 Varaed.

773 4079 907 4140 Summa
932 4076 1008 4141 facit
1031 4077 1100 4140 flor.
1124 4076 1183 4138 XV
1207 4089 1239 4138 et
1262 4076 1352 4137 XXX
1377 4076 1450 4140 den.

334 4184 410 4246 Item
436 4184 512 4246 dedi
536 4185 640 4246 tribus
656 4185 873 4267 carpentariis,
894 4185 949 4266 qui
969 4184 1196 4246 laboraverunt
1213 4184 1244 4244 in
1270 4183 1403 4244 arberiIs
1420 4196 1493 4244 ante

226 4304 349 4371 portam
376 4288 562 4352 carnificum
587 4303 617 4352 et
640 4304 714 4353 ante
738 4304 862 4372 portam
888 4309 1005 4352 novam
1039 4310 1094 4372 per
1118 4291 1197 4351 duas
1223 4289 1291 4350 dies
1316 4289 1492 4369 nonaginta

226 4415 280 4457 sex
305 4395 378 4458 den.
404 4395 480 4457 Item
507 4397 621 4457 iterum
647 4397 720 4458 dedi
746 4397 847 4458 tribus
870 4396 1077 4479 carpentariis
1105 4413 1286 4479 perunum
1311 4394 1411 4472 diem,
1437 4394 1493 4475 qui

229 4502 460 4564 laboraverunt
484 4502 643 4564 arberium
668 4517 742 4565 ante
766 4522 883 4565 novam
908 4517 1034 4585 portam
1061 4503 1085 4564 L
1109 4502 1183 4566 den.

330 4609 407 4671 Item
432 4611 494 4672 emi
519 4624 639 4672 statuas
662 4625 802 4692 quatuor
826 4630 884 4694 pro
908 4608 1101 4672 XXXXVIII
1126 4609 1199 4673 den.

330 4713 407 4777 Item
433 4717 497 4778 erni
522 4715 631 4779 clavos
654 4735 714 4800 pro
738 4716 827 4780 XXV
851 4716 925 4779 den.

330 4817 411 4884 Item
434 4819 499 4884 emi
523 4820 630 4884 trabea
653 4821 734 4886 duee
755 4839 816 4905 pro
839 4820 971 4886 XXVIII
996 4820 1071 4884 den.
