3428 5256
814 1294 894 1374 Xll.

224 1543 444 1642 Regestrum
466 1567 701 1644 expensarum
726 1567 834 1644 super
853 1544 1046 1619 fracturam
1067 1544 1233 1644 lapidum,
1263 1543 1493 1646 aliorumque

223 1669 458 1766 negociorum
498 1669 544 1743 ad
581 1668 752 1744 fabricam
791 1676 829 1744 et
866 1676 1084 1744 structuram
1120 1669 1228 1744 muris
1267 1677 1305 1744 et
1338 1670 1492 1745 turrium

224 1814 290 1891 pro
320 1791 532 1868 defensione
567 1792 721 1868 ecclesie
758 1792 873 1867 sancti
912 1792 1011 1890 regis
1042 1789 1216 1891 Stephani
1245 1789 1424 1868 factarum
1454 1794 1491 1870 in

646 1938 740 1991 anno
769 1913 915 1990 Domini
950 1916 1060 1990 1512.

329 2165 405 2225 ltem
431 2164 596 2225 dominico
622 2165 652 2224 in
679 2162 759 2226 festo
785 2164 868 2224 beati
895 2164 991 2224 Marci
1011 2163 1216 2244 ewangeliste
1242 2161 1372 2226 fuerunt
1388 2183 1485 2245 apre-

224 2271 296 2331 ciati
322 2272 460 2331 sedecim
486 2271 633 2331 homines
658 2290 729 2331 cum
754 2269 912 2351 Gregorio
930 2270 1096 2332 subiudice
1121 2269 1161 2331 de
1187 2269 1424 2332 Markwssoucz
1442 2273 1486 2334 ad

221 2377 415 2458 frangendos
440 2378 572 2459 lapides,
598 2379 715 2458 quibus
739 2377 923 2457 singillatim
949 2378 1041 2438 datus
1061 2375 1120 2437 fuit
1148 2375 1188 2437 ad
1216 2375 1284 2437 dies
1307 2375 1485 2441 duodecim

222 2484 289 2546 flor.
315 2484 337 2559 Ι,
363 2503 487 2544 summa
513 2482 586 2545 fecit
699 2484 766 2546 flor.
790 2482 872 2545 XVl.

329 2592 407 2652 ltem
433 2605 549 2651 eotunc
575 2590 634 2650 fuit
651 2592 817 2651 ordinatus
841 2590 985 2651 Andreas
1002 2589 1154 2671 predialis
1170 2588 1295 2651 domini
1322 2589 1488 2651 Reveren-

224 2697 347 2757 dissimi
372 2716 467 2777 super
492 2697 577 2777 ipsos
594 2696 790 2756 laboratores
814 2696 1002 2756 sollicitator
1027 2709 1057 2757 et
1073 2695 1350 2777 superattendena,
1375 2694 1425 2756 cui
1444 2697 1488 2758 ad

222 2803 289 2863 dies
313 2803 484 2864 duodecim
510 2803 601 2862 datus
625 2801 683 2864 suit
701 2850 707 2863 .
727 2851 758 2865 ..
783 2803 849 2864 flor.
875 2803 884 2862 l
910 2799 1077 2864 den..XX.

329 2909 405 2970 ltem
432 2924 549 2970 eotunc
573 2909 702 2969 Andrea
728 2908 817 2969 fabro
843 2909 882 2969 de
909 2909 979 2968 vico
996 2922 1141 2968 sutorum
1167 2927 1225 2988 pro
1250 2904 1487 2969 reformacione

222 3031 382 3076 certorum
410 3016 695 3076 instrumentorum
730 3029 759 3074 et
793 3016 995 3094 ingeniorum
1022 3032 1079 3094 pro
1111 3009 1297 3093 frangendis
1321 3012 1488 3095 lapidibus

222 3121 451 3203 dispositorum
477 3122 571 3183 datus
596 3121 655 3182 fuit
672 3171 678 3184 .
695 3169 726 3183 ..
757 3121 825 3184 flor.
850 3120 871 3183 l.
897 3121 969 3183 den.
993 3118 1061 3183 XX.

328 3227 405 3288 ltem
431 3243 547 3288 eotunc
571 3227 718 3288 similiter
744 3227 918 3288 Benedicta
944 3226 1034 3287 fabro
1060 3227 1099 3288 de
1124 3227 1240 3289 eodem
1264 3227 1336 3288 vico
1360 3246 1419 3309 pro
1437 3246 1487 3290 re·

223 3332 420 3396 formacione
446 3335 557 3395 talium
584 3335 881 3410 instrumentorum,
906 3334 998 3394 datus
1023 3349 1069 3394 est
1085 3384 1091 3397 .
1110 3379 1142 3397 ..
1165 3333 1234 3396 flor.
1259 3333 1280 3396 l.

329 3441 405 3502 ltem
432 3442 463 3501 in
489 3442 603 3500 eodem
630 3438 710 3500 festo
741 3439 841 3501 sancti
869 3440 965 3501 Marci
996 3440 1094 3522 empti
1119 3454 1192 3502 sunt
1216 3438 1364 3501 claviculi
1389 3436 1487 3500 ferrei

223 3567 280 3630 pro
307 3548 412 3609 futura
438 3549 700 3609 necessitate...
725 3545 792 3609 flor.
816 3546 925 3628 Vll¹s2.

328 3654 406 3715 Item
431 3670 547 3715 cotunc
573 3653 700 3713 cuidam
733 3651 898 3730 curtifero,
924 3655 978 3734 qui
1012 3654 1078 3735 ipsa
1113 3652 1305 3716 ferramenta
1330 3650 1485 3732 conduxit

222 3762 261 3823 ad
288 3775 432 3822 montem
458 3762 512 3822 ubi
538 3761 660 3841 lapides
686 3758 885 3839 franguntur,
910 3761 973 3821 dati
1008 3777 1081 3824 sunt
1098 3811 1105 3826 .
1122 3810 1153 3826 ..
1180 3762 1251 3824 den.
1275 3759 1326 3823 Vl.

328 3867 404 3928 ltem
439 3882 554 3927 cotunc
588 3866 715 3927 cuidam
749 3864 897 3926 familiari
930 3868 1054 3929 domini
1087 3869 1260 3949 prepositi,
1293 3866 1348 3947 qui
1373 3884 1485 3928 versus

222 3975 396 4036 Chasmam
423 3973 481 4034 fuit
514 3974 627 4034 missus
660 3973 690 4032 in
717 3973 859 4052 negociis
891 3973 1035 4050 ecclesie,
1056 3993 1114 4055 pro
1148 3974 1294 4055 expensis
1319 3972 1384 4034 dati
1409 3986 1483 4034 sunt

222 4081 344 4142 denarii
364 4130 370 4142 .
389 4129 396 4143 .
416 4129 422 4143 .
447 4078 544 4142 XXV.

328 4188 404 4248 ltem
431 4186 577 4267 sequenti
603 4185 654 4246 die
680 4186 808 4246 Andrea
832 4182 923 4247 fabro
944 4203 1002 4266 pro
1029 4184 1246 4266 disposicione
1271 4186 1367 4247 unius
1391 4183 1487 4248 malci

224 4294 332 4374 magni
358 4294 422 4354 dati
448 4307 520 4353 sunt
540 4343 545 4356 .
562 4340 593 4356 ..
618 4293 689 4353 den.
716 4289 807 4353 XLll.

330 4401 406 4461 ltem
435 4401 608 4461 Benedicto
641 4398 731 4459 fabro
765 4399 878 4459 iterum
905 4416 962 4479 pro
995 4394 1228 4459 reformatione
1254 4398 1481 4460 instrumento·

223 4528 293 4568 rum
320 4508 417 4589 vulgo
446 4506 624 4588 (illcgabr'le)
650 4507 713 4567 dati
740 4519 836 4565 sunt.
856 4553 887 4567 ..
916 4503 976 4564 den
995 4552 1002 4568 .
1019 4552 1049 4567 ..

328 4613 405 4675 ltem
439 4613 583 4674 Andreas
615 4611 767 4695 predialis
799 4630 895 4694 super
926 4611 1107 4673 atteucione
1139 4611 1328 4673 eorumdem
1361 4612 1487 4674 labora·

222 4737 329 4783 torum
354 4720 466 4782 habuit
488 4719 528 4781 ad
554 4719 623 4782 dies
647 4717 896 4781 duodecim...
922 4716 990 4781 flor.
1016 4717 1037 4781 l.
1066 4717 1128 4781 den
1164 4713 1231 4782 XX
