3428 5256
322 517 483 580 Candelas
508 519 643 581 emi...
667 518 725 582 sol.
749 518 816 581 VII.

322 624 399 687 Item
425 623 545 687 Mathie
570 623 663 687 Cheh
686 623 834 689 dedi...
858 624 917 688 sol.
942 623 975 689 10.

321 729 472 814 Philippo
496 749 687 812 magno...
710 730 769 795 sol.
793 731 829 796 Ιο.

321 837 428 899 Iwano
452 835 648 920 Wtych...
678 836 737 899 sol.
763 837 798 901 L.

320 943 448 1006 Andree
473 943 610 1026 pixidari
628 992 635 1006 .
651 991 682 1006 ..
705 943 764 1007 sol.
788 943 822 1009 l‘.

321 1051 442 1112 Iacobo
467 1048 642 1133 Glswyczs
658 1099 665 1113 .
682 1097 714 1113 ..
738 1050 797 1113 sol.
821 1050 869 1115 II⁰.

320 1157 397 1219 Item
423 1157 538 1218 eodem
562 1171 709 1239 tempore
735 1176 793 1238 pro
818 1155 902 1219 Iacto
935 1157 1154 1220 ordinacionis
1178 1158 1252 1222 lacti
1276 1160 1476 1224 decimarum

214 1265 286 1326 misi
319 1264 358 1325 ad
392 1264 518 1325 Novam
553 1263 676 1324 curiam
700 1276 731 1324 et
767 1263 887 1325 Iacobo
923 1263 963 1324 de
1000 1263 1210 1348 Drasowlysn
1246 1266 1286 1328 ad
1322 1286 1477 1349 expensas

214 1369 366 1433 dedi...
390 1369 448 1432 sol.
473 1368 506 1432 It.
605 1369 610 1378 ’

318 1475 469 1538 Ladislao
494 1475 533 1536 de
559 1475 714 1537 Biztricze
731 1525 737 1538 .
757 1524 789 1538 ..
813 1475 872 1539 sol.
896 1475 931 1539 It.

319 1581 396 1644 Item
422 1579 587 1661 Stephano
610 1581 775 1662 sagittarIo
800 1580 948 1645 dedi...
973 1583 1033 1644 sol.
1057 1581 1124 1646 XL.

319 1687 396 1749 Item
423 1687 535 1749 eadem
573 1684 651 1748 feria
683 1701 797 1769 quarta
831 1700 904 1749 ante
928 1689 1041 1750 ludIca
1074 1689 1147 1750 dedi
1181 1689 1411 1753 Bartholomeo
1436 1692 1475 1753 de

212 1793 512 1876 Quinqueecclesiis
529 1842 536 1855 .
553 1842 584 1856 ..
607 1792 665 1857 sol.
689 1792 738 1858 II‘.

318 1900 411 1961 Petro
436 1899 573 1982 Zmolylr
593 1948 599 1961 .
619 1947 651 1962 ..
676 1899 736 1964 sol.
761 1898 796 1967 L.

317 2005 390 2066 Emi
416 2006 507 2087 piper
531 2020 562 2067 et
585 2023 715 2066 crocum
733 2054 739 2067 .
756 2054 787 2068 ..
811 2006 870 2070 sol.
896 2007 945 2072 Ile.

315 2109 394 2172 Item
419 2110 535 2173 eodem
559 2111 612 2172 die
636 2111 707 2172 misi
732 2112 771 2172 ad
798 2110 906 2196 Gsryg
931 2113 1105 2194 pisces...
1128 2113 1188 2178 sol.
1212 2114 1247 2178 L.

317 2216 389 2278 Emi
415 2216 455 2278 sd
482 2215 639 2278 Gemlech
663 2217 837 2298 pisces...
866 2218 925 2280 sol.
949 2218 1060 2281 XLVI.

316 2323 394 2385 Item
428 2325 459 2385 in
491 2322 572 2385 festo
605 2324 635 2386 b.
668 2323 832 2385 Benedicti
863 2344 920 2407 per
953 2325 1143 2386 Michaelem
1177 2324 1298 2387 Ozorai
1335 2326 1406 2385 misi
1432 2325 1472 2386 ad

211 2428 319 2514 Gsryg
345 2431 495 2492 Ladislao
520 2427 728 2492 Zenth·Galli
761 2449 835 2491 cum
859 2429 982 2492 famulo
1000 2480 1006 2492 .
1025 2481 1056 2493 ..
1079 2431 1138 2495 sol.
1162 2430 1226 2495 111⁰.

315 2536 466 2599 Michaeli
492 2535 700 2598 Psthsnthius
717 2584 723 2597 .
741 2582 772 2597 ..
797 2535 856 2599 sol.
881 2536 944 2601 IL.

317 2643 424 2705 Blasio
449 2643 489 2703 de
514 2641 609 2704 Obed
627 2689 633 2701 .
650 2689 681 2703 ..
711 2640 770 2704 sol.
795 2641 857 2705 l⁰L.

315 2749 454 2810 iohanni
478 2748 518 2809 de
544 2746 867 2828 Quinqueecclesiis.
886 2796 917 2810 ..
940 2748 999 2811 sol.
1025 2745 1150 2810 I‘XXV.

316 2854 409 2916 Petro
435 2852 578 2915 Lewaldi
595 2902 602 2915 .
622 2902 653 2915 ..
685 2852 743 2916 sol.
767 2851 893 2918 IeXXV.

313 2960 447 3021 Alberto
472 2958 620 3021 Chansdr
637 3009 644 3022 .
660 3006 691 3021 ..
714 2959 773 3022 sol.
797 2957 921 3022 lem.

313 3063 391 3127 Item
417 3066 449 3126 in
474 3065 637 3127 dominica
661 3063 774 3125 ludica
798 3065 862 3126 emi
879 3065 919 3126 ad
937 3064 1093 3128 Gemlech
1118 3066 1293 3140 pisces...
1316 3067 1376 3128 sol.
1402 3065 1468 3130 LIL

315 3170 393 3232 Item
427 3170 505 3232 leria
537 3169 679 3232 secunda
711 3170 743 3231 in
780 3168 861 3232 festo
898 3171 1174 3233 Annunciacionis
1205 3172 1337 3254 virginis
1369 3173 1470 3234 Mane

209 3278 280 3337 misi
306 3277 346 3338 ad
372 3275 480 3360 Gsryg
506 3277 678 3358 pisces...
702 3275 761 3337 sol.
788 3276 823 3339 L.

314 3383 391 3445 Item
417 3382 532 3445 eodem
557 3395 703 3461 tempore
728 3382 834 3444 remisi
860 3382 900 3443 ad
932 3384 1060 3464 propria
1084 3380 1260 3446 familiares
1284 3382 1408 3444 domini
1430 3383 1470 3446 de

208 3486 364 3551 Gemiech
390 3502 420 3551 et
445 3487 564 3570 Garyg,
588 3487 628 3549 ad
653 3507 807 3570 expensas
830 3488 905 3549 dedi
923 3488 1055 3567 eisdem,
1084 3489 1224 3572 demptis
1248 3488 1419 3550 Frsolrone
1438 3504 1469 3551 et

207 3593 366 3677 Gregorio
391 3593 623 3676 Kerelreghazi‚
641 3643 647 3655 .
664 3643 694 3656 ..
716 3594 775 3656 sol.
799 3592 877 3670 ILL.

311 3700 391 3764 Item
414 3702 563 3763 similiter
588 3701 619 3762 in
652 3700 734 3763 lesto
767 3702 1053 3779 Annunciacionis,
1084 3700 1212 3762 Andree
1241 3700 1353 3783 pistori
1378 3703 1469 3763 castri

205 3804 362 3869 Gemiech
387 3807 509 3869 dedi..
529 3856 538 3907 3
559 3806 618 3869 sol.
643 3806 677 3869 L.

314 3913 393 3977 Item
419 3914 471 3976 die
496 3913 661 3975 dominico
686 3927 717 3975 et
750 3911 829 3974 Ieris
852 3912 992 3975 secunda
1025 3914 1220 3995 pauperibus
1243 3912 1466 3975 distribui...

202 4020 261 4084 sol.
284 4019 351 4084 XL.

309 4126 448 4188 Iohanni
474 4144 573 4208 parvo
598 4123 810 4186 curriductori
835 4124 984 4186 dedi...
1007 4123 1066 4185 sol.
1093 4123 1128 4186 L.

309 4232 387 4296 Item
413 4254 430 4294 a
455 4232 629 4293 Valentino
653 4231 798 4292 institore
815 4233 878 4292 emi
897 4249 993 4292 unam
1011 4230 1135 4310 pecism
1161 4228 1258 4291 medii
1285 4229 1413 4309 parvisii
1426 4279 1432 4291 .
1444 4278 1468 4290 ..

203 4339 272 4404 flor.
301 4337 367 4402 VII.

309 4444 387 4508 Item
413 4446 452 4506 ab
477 4445 593 4507 eodem
614 4443 712 4505 aliam
737 4442 861 4522 peciam
891 4442 1124 4522 Neremberger
1141 4491 1148 4504 .
1165 4490 1196 4504 ..
1228 4440 1286 4504 sol.
1309 4439 1402 4503 vm.

309 4551 386 4614 Item
406 4550 483 4612 letis
499 4564 612 4633 quarta
636 4563 709 4631 post
734 4548 857 4627 ludica,
876 4548 969 4610 Petro
987 4547 1174 4610 fenestrario
1186 4547 1261 4608 dedi
1278 4596 1285 4608 .
1302 4595 1308 4608 .
1326 4594 1332 4607 .
1349 4545 1408 4610 sol.
1421 4544 1467 4616 11..

308 4657 387 4721 Item
411 4656 489 4720 Ieria
514 4670 626 4739 quarta
650 4656 713 4718 emi
739 4656 770 4716 ln
797 4653 953 4717 Gemlech
978 4655 1152 4737 pisces...
1176 4654 1235 4717 sol.
1261 4650 1296 4716 L.

311 4763 384 4826 Misi
409 4763 449 4825 ad
475 4761 575 4844 Gsrig
598 4762 773 4845 pisces...
797 4760 856 4824 sol.
881 4760 916 4823 L.
1361 4855 1380 4895 ¹
