3428 5256
223 285 285 369 278
773 283 920 342 Rationes.

1260 390 1517 402 *—

327 495 404 556 Item
430 495 463 556 in
488 492 569 556 festo
601 492 756 554 Iohannis
787 507 860 555 ante
887 493 1033 555 Latinam
1063 507 1201 575 portam,
1225 493 1303 555 dedi
1330 497 1519 577 peditibus

223 604 255 665 ln
281 588 456 665 Gemlech':

327 706 493 769 Anthonio
517 706 557 767 de
586 704 725 767 Chasma
744 756 749 766 .
770 755 775 766 .
796 756 801 766 .
826 705 885 768 sol.
909 703 955 768 110.

328 813 471 895 Georgio
495 811 535 875 de
561 812 684 893 Posega
702 860 727 874 ..
748 859 755 873 .
780 811 838 874 sol.
861 809 907 875 110.

327 919 500 981 Ambrosio
525 917 565 979 de
590 915 891 998 QuInqueecclesiis
908 965 914 978 .
931 965 962 979 ..
986 915 1045 979 sol.
1069 913 1115 980 11⁰.

328 1024 453 1087 Eodem
478 1024 529 1085 die
555 1021 694 1085 Chasme
718 1022 915 1104 pauperibus
947 1021 1168 1085 distribui...
1196 1022 1255 1085 sol.
1279 1022 1363 1086 VIII.

328 1130 400 1192 Emi
414 1129 528 1191 cordas
541 1130 703 1207 subereas,
718 1147 797 1210 quas
811 1128 882 1189 misi
896 1128 1085 1209 Zagrabiam
1101 1143 1217 1190 eorunc
1230 1178 1235 1190 .
1248 1178 1272 1192 ..
1290 1127 1508 1196 sol.XXXV.

327 1235 406 1299 Item
424 1235 564 1296 MartIno
581 1233 791 1295 curriductori
809 1233 849 1294 ad
867 1233 1001 1294 domum
1019 1253 1109 1295 suam
1126 1253 1183 1316 pro
1200 1234 1345 1295 serviciis
1361 1234 1505 1303 dedi...

222 1344 286 1405 sol.
314 1342 348 1407 1⁰.

324 1446 403 1511 Item
428 1448 461 1509 in
486 1446 649 1509 dominica
675 1445 900 1528 Rogacionum
926 1445 998 1507 misi
1029 1445 1069 1507 ad
1093 1446 1283 1508 Zenthlazlo
1308 1444 1501 1530 Georgium

221 1556 325 1638 Zyltra
349 1567 481 1636 propter
504 1552 669 1615 attendere
694 1552 868 1614 adventum
892 1551 1015 1613 domiui
1046 1552 1188 1634 episcopi
1213 1551 1439 1631 waradiensis,
1468 1570 1502 1619 et

223 1660 263 1721 ad
289 1679 442 1742 expensas
463 1659 611 1720 dedi...
638 1658 697 1719 sol.
720 1654 758 1721 X.

326 1764 403 1828 Item
429 1765 492 1825 emi
517 1763 567 1825 bic
592 1776 623 1826 et
647 1764 678 1823 in
704 1762 884 1825 Zalathnok
919 1764 1018 1825 boves
1042 1764 1156 1845 viginti
1183 1778 1256 1826 octo
1280 1764 1321 1826 ad
1345 1767 1499 1831 conduc·

220 1886 324 1935 turam
349 1872 495 1954 lapidum
520 1885 551 1933 et
574 1870 712 1932 cementi
737 1870 870 1932 ecclesie
894 1870 1110 1951 zagrabiensis
1128 1917 1133 1929 .
1209 1870 1267 1934 sol.
1291 1871 1369 1937 LV‘.

329 1976 407 2040 Item
433 1976 512 2039 feria
537 1977 634 2038 tercia
658 1990 731 2058 post
755 1975 954 2038 dominicam
988 1977 1213 2057 Rogacinnum
1238 1977 1353 2038 iterum
1379 1981 1496 2043 remisi

221 2085 303 2147 circa
325 2085 496 2147 dominum
518 2082 836 2145 Reverendissimum
855 2082 1043 2144 Renkonem
1061 2082 1262 2165 Fodornczy,
1287 2082 1362 2144 dedi
1380 2083 1494 2148 eidem

221 2191 261 2253 ad
287 2209 518 2273 expensas...
541 2189 601 2253 sol.
626 2186 689 2252 XII.

330 2296 408 2358 Item
433 2297 465 2357 in
490 2295 604 2356 diebus
629 2295 762 2357 Letanie
787 2314 844 2356 seu
868 2294 1092 2374 Rogacionum
1117 2309 1148 2357 et
1171 2293 1250 2356 feria
1275 2308 1389 2376 quarta
1415 2310 1494 2360 ante

222 2401 338 2465 festum
363 2402 570 2463 Ascensionis
594 2402 657 2462 emi
683 2400 822 2463 Chasme
846 2401 948 2482 pisces
972 2414 1003 2462 et
1036 2420 1244 2464 cancros...
1269 2401 1327 2465 sol.
1350 2397 1420 2465 XX.

327 2506 404 2570 Item
415 2509 446 2568 in
458 2506 539 2569 festo
548 2507 754 2568 Ascensionis
764 2506 895 2568 Domini
906 2507 1100 2588 pauperibus
1124 2507 1313 2569 distribui..
1329 2556 1335 2569 .
1352 2507 1410 2571 sol.
1428 2505 1492 2572 IIII.

329 2633 405 2695 Item
439 2652 495 2714 per
528 2632 727 2713 Stephanum
760 2630 882 2692 Thatar
914 2632 986 2692 misi
1019 2631 1158 2692 Johanni
1194 2645 1299 2709 tonso,
1323 2631 1490 2694 curriduc·

222 2739 284 2801 tori
382 2738 441 2802 sol.
463 2734 562 2800 XXV.

328 2845 406 2908 Item
433 2845 548 2907 eodem
573 2860 718 2926 tempore
744 2845 815 2905 misi
839 2841 971 2906 Gallum
1004 2844 1044 2905 de
1070 2844 1187 2923 Lazen,
1212 2864 1285 2906 cum
1311 2845 1405 2907 certis
1429 2843 1489 2924 (fa-

224 2951 415 3032 miliaribus)
435 2952 559 3013 domini
578 2951 616 3011 de
635 2951 866 3033 Hraztowycza
891 2951 930 3012 ad
947 2951 1216 3013 commutandum
1235 2972 1293 3034 pro
1310 2952 1387 3031 sale,
1411 2951 1488 3014 dedi

225 3060 408 3121 eidem...
433 3056 542 3122 sollo.

328 3165 405 3229 Item
431 3165 509 3226 leria
534 3179 621 3226 sexta
639 3179 710 3246 post
734 3162 850 3225 testum
868 3165 1087 3244 Ascensionis,
1109 3164 1248 3227 Chasme
1272 3164 1354 3225 circa
1379 3163 1488 3245 hospi-

223 3273 378 3335 talitatem
404 3271 528 3333 domini
554 3270 759 3331 waradiensis
782 3270 844 3330 emi
871 3290 971 3332 unum
996 3270 1171 3333 thokonem
1191 3319 1198 3333 .
1217 3320 1245 3335 ..
1272 3267 1380 3333 LXVI.

328 3376 406 3440 Item
426 3377 540 3439 eodem
559 3376 611 3436 die
636 3390 666 3437 et
682 3376 815 3437 sabbato
832 3375 930 3438 habui
948 3376 1088 3439 Chasme
1113 3378 1144 3438 iu
1163 3377 1306 3459 prandiis
1330 3374 1486 3458 speciales

229 3483 403 3545 familiares
427 3483 562 3560 domini,
596 3501 677 3563 quos
702 3482 741 3542 ad
773 3483 1013 3564 suspIciendum
1046 3498 1077 3544 et
1101 3483 1358 3566 pertractandum
1382 3482 1487 3563 ipsum

225 3591 394 3651 domiuum
419 3588 650 3650 waradiensem
684 3589 935 3669 advocaveram,
960 3589 1033 3650 ideo
1068 3589 1131 3650 emi
1155 3591 1195 3650 ab
1228 3588 1414 3650 hominibus
1447 3587 1488 3649 de

225 3698 398 3779 Zwynnrcz
423 3696 600 3779 pisces...
625 3694 684 3758 sol.
708 3690 863 3756 XXXVII.
1346 3694 1350 3701 “

330 3801 407 3865 Item
432 3804 564 3863 sabbato
590 3802 661 3862 misi
688 3800 878 3862 Michaelem
904 3800 944 3862 de
969 3798 1087 3861 Ozorai
1107 3820 1180 3861 cum
1205 3802 1298 3862 certis
1323 3800 1488 3862 lamIIIari·

227 3912 285 3970 bus
310 3910 434 3971 domiui
460 3908 498 3970 ad
518 3909 618 3969 Zentlr
637 3908 752 3970 Laszlo
769 3908 809 3969 ad
838 3907 1036 3969 obviandum
1055 3907 1098 3968 ibi
1125 3907 1259 3969 domlno
1285 3907 1488 3985 waradiensi,

227 4030 259 4076 et
283 4015 403 4076 eisdem
429 4034 486 4097 pro
512 4015 658 4097 expensis
683 4014 780 4076 dedi.
801 4063 807 4076 .
827 4065 832 4077 .
856 4012 915 4076 sol.
937 4010 985 4075 II⁰.

331 4120 408 4184 Item
434 4121 549 4182 eodem
574 4120 626 4182 die
651 4121 764 4183 suttori
790 4119 915 4182 domini
934 4118 1058 4180 Polono
1083 4119 1122 4180 ad
1147 4119 1279 4181 servicia
1298 4168 1303 4182 .
1322 4169 1352 4181 ..
1377 4119 1435 4181 sol.
1451 4119 1488 4181 L.

332 4225 409 4289 Item
435 4225 513 4289 feria
537 4226 677 4287 secunda
709 4240 780 4308 post
811 4226 1043 4287 Ascensionem
1075 4225 1147 4286 misi
1173 4225 1352 4288 iohannem
1379 4223 1489 4287 Gedo·

227 4353 323 4415 roczy
345 4333 385 4393 ad
409 4333 609 4395 resciendum
636 4333 675 4393 de
699 4333 834 4394 domiuo
858 4330 1048 4392 waradiensi
1081 4331 1156 4392 dedi
1182 4333 1289 4394 ei...
1314 4331 1371 4393 sol.
1396 4327 1433 4393 X.

333 4436 410 4501 Item
436 4438 513 4500 lerIa
538 4439 635 4500 tercia
653 4451 725 4520 post
747 4437 863 4499 festum
881 4437 1116 4515 penthecostes,
1137 4436 1239 4499 Paulo
1264 4436 1488 4521 Redeltnwycb

227 4545 363 4625 agazoni
388 4544 512 4606 domini
537 4543 687 4607 dedi...
713 4544 773 4606 sol.
799 4544 834 4606 L.

333 4649 410 4713 Item
436 4650 514 4713 feria
538 4665 650 4733 quarta
675 4665 747 4713 ante
772 4649 887 4713 festum
911 4662 1019 4714 sancte
1053 4648 1223 4717 Trinitatis
1247 4648 1322 4714 dedi
1348 4649 1488 4714 Chasme

234 4756 387 4823 Michaeli
413 4755 534 4821 Ozorai
557 4776 617 4840 pro
640 4755 757 4823 salario
774 4805 780 4818 .
798 4805 830 4826 ‚.
855 4754 915 4824 tol.
937 4750 1003 4823 xl‘.
