3428 5256
241 362 281 426 68
768 361 972 445 Ann01482.

239 592 302 638 tam
330 592 453 639 muratc
479 596 577 659 quam
603 576 708 660 lignee
734 577 766 639 in
792 577 875 640 dicta
900 578 1027 641 civitate
1057 579 1139 640 inter
1163 578 1242 640 duas
1266 579 1332 640 vias
1356 599 1411 641 seu
1436 579 1504 662 pla·

239 698 305 746 teas
329 702 518 746 communes
542 696 574 745 et
598 683 630 744 in
656 683 819 745 vicinitate
844 684 1016 746 domorum
1042 686 1168 768 providi
1194 686 1253 746 viri
1279 684 1412 767 Georgii
1437 705 1505 747 car·

239 791 384 872 pentarii,
408 811 425 851 a
450 791 543 873 plaga
569 790 727 869 orientali,
752 811 769 851 a
795 790 888 873 plaga
910 811 986 854 vero
1011 792 1267 872 septemtrionali
1295 791 1446 854 videlicet
1471 793 1504 854 in

239 910 388 979 postergo
413 916 469 958 seu
494 917 511 958 a
536 911 624 978 parte
649 897 817 978 posteriori
842 896 997 958 heredum
1031 918 1088 959 seu
1113 916 1334 959 successorum
1360 898 1505 960 virorum

239 1002 375 1064 condam
403 1002 530 1064 Andrec
547 1001 665 1064 sutoris
690 1001 757 1064 Lah
783 1003 858 1064 dicti
884 1017 915 1064 et
933 1003 1086 1086 Stephani
1106 1004 1221 1066 literati
1249 1003 1505 1089 Herwoyewych

238 1108 325 1187 dicti,
350 1109 429 1170 olim
454 1109 636 1170 concivium
662 1123 860 1188 nostrorum,
884 1129 980 1171 unam
1000 1111 1032 1171 in
1057 1123 1126 1171 toto
1151 1110 1284 1188 curiam,
1308 1109 1404 1170 simul
1430 1128 1505 1170 cum

237 1214 345 1277 fundis
368 1215 488 1277 eisdem
512 1214 664 1276 domibus
687 1216 746 1277 sub
771 1230 802 1276 et
819 1216 1040 1278 adiacentibus
1058 1217 1088 1277 in
1114 1237 1148 1278 se
1173 1217 1404 1293 continentem,
1429 1235 1495 1277 rne-

237 1321 389 1384 dietatem
414 1335 448 1383 ut
472 1319 645 1403 predicitur
670 1322 768 1404 ipsius
792 1322 909 1384 domus
938 1336 1072 1400 murate,
1104 1343 1121 1383 a
1153 1336 1241 1406 parte
1265 1323 1387 1384 scilicet
1410 1322 1495 1384 dicte

240 1428 335 1490 unius
359 1428 409 1490 vie
433 1446 489 1489 seu
513 1427 619 1510 platee
645 1428 837 1506 communis,
862 1449 878 1490 a
904 1429 996 1511 plaga
1030 1428 1180 1490 videlicet
1204 1429 1410 1491 meridionali
1443 1428 1498 1491 ha·

238 1534 347 1613 bitam,
372 1534 533 1612 situatam,
556 1553 590 1594 ac
616 1532 821 1595 medietatem
851 1534 992 1616 predicte
1026 1534 1143 1596 domus
1170 1535 1276 1616 lignee
1302 1553 1400 1616 penes
1424 1554 1499 1597 ean·

238 1640 310 1702 dem
336 1640 470 1702 domum
496 1652 666 1719 muratam,
690 1660 707 1701 a
732 1653 819 1722 parte
844 1639 966 1702 scilicet
993 1641 1174 1723 posteriori,
1198 1660 1254 1702 seu
1279 1661 1296 1701 a
1321 1639 1404 1703 dicta
1429 1660 1500 1724 sep·

237 1745 432 1807 temtrionali
465 1734 571 1828 plaga,
602 1743 682 1805 duas
716 1745 836 1806 scilicet
870 1761 998 1826 quartas
1031 1746 1117 1807 curie
1150 1746 1182 1807 in
1214 1766 1247 1807 se
1272 1745 1505 1825 continentem,

239 1852 338 1933 probe
364 1851 491 1913 mulieri
518 1850 618 1911 Elene
642 1850 733 1912 aliter
749 1851 866 1912 lelicza
890 1850 974 1912 dicte
991 1870 1049 1933 pro
1067 1851 1201 1931 triginta¹
1220 1851 1290 1914 flor.
1314 1852 1383 1913 auri
1408 1865 1440 1914 et
1456 1851 1505 1913 vi·

237 1958 317 2039 giuti
343 1957 487 2038 quinque
511 1956 652 2018 denariis
675 1956 821 2018 vendidit
843 1970 1000 2039 perpetuo
1019 1956 1267 2040 possidendam;
1291 1958 1341 2019 cui
1367 1958 1440 2020 data
1458 1973 1506 2019 est

239 2064 330 2125 litera
355 2063 576 2147 privilegialis.

343 2168 440 2243 Quod
477 2169 552 2250 quia
588 2168 689 2249 proba
726 2168 842 2229 mulier
875 2167 1038 2229 Dorothea
1075 2183 1185 2230 vocata
1222 2169 1331 2231 relicta
1365 2169 1504 2232 condam

240 2275 360 2337 Matbie
383 2275 513 2336 sartoris
537 2273 702 2355 quoddam
729 2271 825 2335 fenile
850 2275 993 2336 suumin
1018 2294 1134 2357 campo
1152 2290 1262 2336 nostro
1285 2295 1341 2337 seu
1367 2276 1506 2338 civitatis

238 2381 379 2464 predicte
405 2381 487 2442 inter
511 2378 609 2441 fenile
635 2379 769 2462 provide
802 2393 833 2442 et
856 2380 990 2442 honeste
1022 2381 1168 2442 mulieris
1201 2381 1366 2444 Dorothea
1391 2396 1504 2444 vocate

238 2487 345 2550 relicte
368 2486 505 2548 condam
532 2486 629 2547 Blasii
655 2486 820 2564 institoris,
852 2506 868 2547 a
894 2501 982 2566 parte
1015 2487 1176 2564 orientali,
1200 2500 1232 2549 et
1264 2507 1280 2548 a
1314 2502 1401 2569 parte
1433 2506 1504 2569 sep·

238 2594 432 2656 temtrionali
459 2608 489 2655 et
514 2612 613 2674 penes
637 2606 754 2654 terram
779 2592 933 2655 arabilem
965 2611 1185 2654 successorum
1209 2594 1347 2655 condam
1374 2593 1501 2654 Nicolai

237 2701 345 2780 generi
373 2699 571 2783 Symonych,
595 2720 612 2760 a
637 2714 725 2782 parte
751 2697 900 2760 videlicet
924 2698 1128 2776 occidentali,
1152 2719 1169 2760 a
1193 2713 1283 2782 parte
1307 2718 1384 2760 vero
1408 2700 1505 2761 meri·

238 2807 359 2868 dionali
386 2826 484 2888 penes
508 2806 592 2866 viam
618 2805 796 2888 publicam,
832 2805 970 2887 provido
1002 2819 1033 2866 et
1056 2805 1193 2866 honesto
1226 2804 1375 2867 Michaeli
1398 2804 1506 2887 jurato

239 2912 450 2994 Opprasnvcb
476 2912 563 2973 dicto
588 2930 646 2994 pro
670 2910 782 2972 decem
802 2910 871 2972 flor.
896 2909 1041 2972 vendidit
1060 2910 1129 2988 jure
1154 2927 1329 2994 perpetuo;
1353 2911 1404 2972 cui
1430 2912 1505 2973 data

239 3033 285 3080 est
310 3019 399 3079 litera
425 3017 645 3099 privilegialis.

345 3124 442 3196 Quod
460 3123 535 3204 qtria
554 3123 687 3184 honesta
706 3121 838 3183 domina
857 3122 957 3184 Elena
976 3142 1062 3184 nunc
1078 3142 1210 3184 consors
1226 3123 1384 3205 legittima
1410 3123 1505 3186 Pauli

241 3229 408 3301 biornoth,
426 3228 588 3309 quandam
606 3229 740 3289 domum
757 3247 848 3289 suam
866 3228 961 3289 simul
979 3247 1050 3289 cum
1070 3227 1171 3289 fundo
1196 3243 1228 3290 et
1244 3227 1389 3309 edificiis,
1406 3228 1504 3291 cella·

240 3337 354 3417 rioque
378 3336 586 3395 subterraneo
612 3334 643 3394 in
668 3334 752 3394 dicta
777 3334 905 3396 civitate
931 3335 1012 3394 inter
1044 3332 1178 3396 domum
1203 3335 1344 3416 ligneam
1369 3353 1406 3395 ac
1431 3333 1505 3396 luu-

238 3443 315 3504 dum
341 3455 371 3503 et
396 3439 520 3501 edificia
545 3439 678 3501 ecclesie
704 3453 811 3500 nostre
833 3439 1025 3520 parochialis
1050 3440 1133 3501 beati
1160 3440 1258 3501 Marci
1283 3439 1506 3520 ewangeliste,

238 3547 472 3622 anreridione,
497 3562 527 3607 et
553 3547 634 3605 inter
668 3545 802 3605 domum
838 3559 995 3606 muratam
1030 3543 1178 3625 Bollangi
1211 3543 1368 3627 pellificis,
1391 3565 1410 3606 a
1433 3565 1506 3628 sep·

239 3655 422 3727 temtrione,
447 3652 506 3734 ipsi
533 3651 634 3713 l‘aulo
671 3650 825 3711 Horuatb
859 3653 901 3711 ob
934 3669 1077 3712 amorem
1111 3650 1292 3731 conjugalis
1315 3650 1508 3714 dileccionis

238 3761 325 3824 dedit
351 3774 381 3821 et
406 3757 588 3840 propinavit
612 3772 769 3839 perpetuu
787 3756 1034 3837 possidendam;
1059 3757 1109 3817 cui
1128 3757 1201 3818 data
1225 3772 1273 3819 est
1296 3757 1389 3819 litera
1406 3758 1506 3841 privi-

240 3866 374 3948 legialis.
