3428 5256
234 295 292 339 122
782 277 869 336 Anno
891 275 982 354 1526.

227 509 333 551 coram
368 491 470 554 nobis.
504 490 621 551 Datum
655 488 731 551 feria
764 504 849 552 sexta
886 504 957 573 post
996 490 1111 552 festum
1145 489 1374 552 Conversionis
1407 491 1498 552 beati

229 596 329 660 Pauli.
361 599 452 678 1526.

334 704 431 778 Quod
457 703 589 764 honesta
608 703 739 764 domina
765 703 927 765 Dorothea
946 703 1055 765 relicta
1073 704 1210 765 condam
1229 702 1393 782 Johanuis,
1411 704 1496 764 Jane

227 808 314 887 dicti,
339 810 417 871 olim
443 809 584 870 concivis
609 810 722 886 nostri,
745 808 784 869 ad
802 823 945 871 nostram
971 809 1181 891 personaliter
1204 809 1338 871 veniens
1361 828 1497 891 presen-

226 915 320 994 ciam,
344 929 459 997 aponte
484 929 515 977 et
539 915 639 976 libere
664 913 745 976 fassa
768 929 814 976 est
838 915 870 976 iu
888 914 974 976 huuc
999 914 1151 977 modum:
1176 929 1210 977 ut
1235 915 1301 997 ipsa
1325 912 1494 996 quandam

226 1021 360 1084 domum
385 1041 474 1084 suam
500 1022 532 1083 iu
558 1021 640 1083 dicta
666 1021 793 1083 civitate
819 1021 971 1098 habitam,
1003 1022 1117 1104 partim
1144 1035 1313 1100 muratam,
1337 1038 1412 1082 cum
1436 1039 1493 1082 ce·

226 1129 306 1190 lario
331 1128 478 1190 similiter
502 1141 638 1205 moratu,
664 1127 844 1208 partimque
870 1127 968 1208 lignei
1003 1128 1119 1210 operis,
1144 1141 1174 1189 et
1199 1125 1312 1205 fundo,
1337 1145 1395 1187 uec
1421 1144 1491 1186 non

225 1233 360 1297 edificiis
384 1235 532 1312 ruinosis,
569 1235 649 1296 inter
682 1232 818 1295 fundum
850 1253 988 1296 vacuum
1019 1248 1050 1296 et
1082 1235 1261 1311 desertum,
1293 1232 1490 1315 penitusque

225 1339 359 1403 edificiis
383 1340 570 1403 destitutum
594 1340 749 1402 heredum
775 1360 832 1401 seu
849 1359 1067 1402 successorum
1092 1340 1229 1401 condam
1247 1338 1403 1400 Johannis
1430 1337 1495 1399 Po·

223 1448 308 1529 segni
334 1447 413 1508 olim
437 1446 573 1509 senioris
596 1445 711 1527 judicis
735 1460 766 1508 et
790 1447 931 1508 concivis
952 1448 1064 1525 nostri,
1082 1467 1099 1507 a
1117 1461 1205 1529 parte
1223 1444 1494 1528 septemtrionali,

226 1573 262 1615 ac
287 1554 368 1615 inter
392 1553 526 1614 domum
552 1553 677 1634 providi
702 1553 761 1613 viri
787 1552 915 1614 Thome
942 1553 1068 1615 annak
1098 1553 1185 1631 dicti,
1211 1552 1352 1614 concivis
1378 1550 1493 1630 nostri,

225 1680 242 1721 a
268 1659 482 1737 meridionali,
507 1660 547 1720 ab
564 1659 712 1720 orientali
736 1659 842 1741 platea
861 1660 1042 1721 communis
1058 1675 1089 1720 et
1107 1679 1208 1740 usque
1233 1659 1329 1720 aliam
1347 1658 1491 1740 plateam

226 1786 431 1829 communem
444 1786 551 1827 versus
575 1781 696 1848 partem
721 1765 966 1845 occidentalem,
990 1786 1022 1827 se
1047 1765 1272 1827 extendentem
1287 1763 1429 1826 habitam
1456 1777 1491 1827 et

228 1872 435 1948 existentem,
467 1890 563 1933 unam
595 1871 735 1932 mediam
765 1872 885 1932 curiam
910 1872 950 1933 ad
983 1891 1075 1933 usum
1108 1871 1192 1932 dicte
1225 1870 1361 1932 civitatis
1394 1869 1426 1931 in
1452 1865 1514 1931 se'

224 1979 452 2056 coutinentem,
466 1978 561 2038 simul
579 1997 650 2038 curn
665 1978 817 2039 omnibus
834 1977 978 2039 eiusdem
1003 1977 1118 2038 domus
1135 1996 1208 2038 cum
1232 1977 1298 2038 suis
1315 1975 1398 2038 veris
1415 1994 1489 2058 pre·

224 2085 328 2146 missis
352 2085 455 2162 metis,
480 2083 682 2160 utilitatibus,
706 2082 829 2163 juribus
854 2099 884 2144 et
908 2084 1114 2165 pertinenciis
1147 2083 1304 2144 universis
1328 2081 1430 2143 nobili
1456 2095 1490 2143 et

224 2191 454 2272 circumspecto
480 2190 548 2251 viro
574 2188 703 2251 Matheo
729 2189 865 2274 Skalych
891 2190 977 2251 dicto
1002 2210 1037 2251 ac
1062 2190 1193 2251 domine
1219 2187 1386 2251 Elisabeth
1410 2207 1489 2249 con·

223 2297 299 2357 sorti
325 2297 469 2358 eiusdem
487 2315 545 2378 pro
563 2295 632 2358 flor.
657 2296 840 2376 octuaginta
867 2297 1010 2377 quinque
1035 2295 1230 2356 vendidisset
1254 2310 1284 2355 et
1301 2293 1488 2356 contulisset

223 2422 330 2465 coram
355 2403 448 2465 nobis
464 2403 530 2483 jure
555 2416 720 2484 perpetuu.
733 2402 850 2463 Datum
876 2401 952 2463 ieria
977 2418 1089 2484 quarta
1115 2402 1260 2484 proxima
1286 2401 1317 2462 iu
1343 2398 1484 2483 prolesto

224 2509 454 2571 Conversionis
478 2509 561 2570 beati
588 2509 688 2572 Pauli.
712 2513 807 2569 Anno
833 2508 964 2570 Domini
995 2511 1085 2589 1526.

329 2615 427 2689 Quod
452 2635 510 2677 nos
534 2614 697 2697 quandam
722 2614 856 2676 domum
875 2628 1032 2676 muratam
1052 2629 1082 2677 et
1107 2615 1264 2677 desertam
1290 2633 1326 2675 ac
1350 2612 1483 2692 curiam,

222 2742 284 2804 que
309 2723 441 2804 quidem
467 2722 582 2783 domus
600 2741 652 2784 are
677 2722 777 2783 sancti
801 2719 931 2784 Nicolai
949 2720 1141 2783 confessoris
1165 2722 1197 2782 in
1215 2720 1347 2783 ecclesia
1373 2733 1482 2784 nostra

225 2828 399 2911 parochiali
424 2829 523 2890 sancti
542 2828 639 2888 Marci
657 2828 863 2909 ewangeliste
881 2826 1023 2906 fundate,
1039 2825 1154 2906 fuerat,
1179 2829 1210 2889 in
1229 2827 1355 2889 civitate
1373 2839 1481 2889 nostra

228 2955 263 2997 ac
290 2936 370 2997 inter
394 2935 509 2996 domos
530 2935 677 2995 similiter
694 2947 833 2995 muratas
849 2949 880 2996 et
896 2935 1045 3014 desertas,
1062 2954 1122 2995 nee
1139 2954 1203 2995 non
1221 2932 1323 2995 curias
1347 2933 1467 2995 circum

223 3042 321 3123 specti
347 3042 405 3101 viri
431 3041 558 3101 Andree
584 3041 721 3118 anker,
746 3043 785 3102 ab
810 3041 1013 3119 occidentali,
1046 3056 1075 3102 et
1099 3058 1318 3102 successorum
1343 3040 1481 3102 condam

227 3147 378 3228 Stephani
404 3147 530 3224 literati,
556 3147 737 3208 concivium
762 3161 955 3225 nostrorum,
987 3149 1027 3208 ab
1052 3147 1211 3226 orientali,
1235 3167 1252 3208 a
1278 3145 1481 3208 meridionali

226 3274 301 3314 vero
326 3268 356 3314 et
380 3253 632 3334 septemtrionali
665 3253 808 3334 partibus
840 3254 906 3315 vias
938 3272 994 3314 seu
1027 3254 1148 3336 plateas
1179 3272 1368 3315 communes
1400 3253 1483 3315 dicte

224 3360 359 3421 civitatis
385 3373 489 3420 nostre
516 3358 668 3436 habitam,
693 3360 925 3441 circumspecto
951 3360 1127 3423 Benedicto
1151 3360 1275 3438 sartori,
1299 3358 1418 3421 seniori
1435 3357 1483 3439 ju·

222 3480 290 3528 rato
315 3480 345 3526 et
369 3465 492 3527 concivi
518 3480 638 3542 nostro,
664 3485 699 3527 ac
717 3486 773 3548 per
797 3486 871 3527 eum
896 3467 962 3527 suis
979 3467 1152 3529 heredibus
1175 3487 1234 3549 pro
1258 3466 1327 3528 flor.
1351 3465 1482 3547 triginta

222 3586 294 3633 octo
319 3571 524 3632 vendidimus
549 3586 579 3632 et
603 3572 813 3634 contullimus
830 3573 898 3653 jure
916 3589 1083 3656 perpetuo.
1110 3575 1228 3636 Datum
1252 3576 1385 3635 sabbato
1409 3592 1482 3655 pro·

222 3679 308 3739 ximo
334 3693 405 3760 post
429 3677 544 3739 festum
564 3677 794 3740 Conversionis
811 3681 895 3743 beati
914 3681 1014 3744 Pauli.
1037 3686 1132 3742 Anno
1151 3681 1282 3742 Domini
1308 3679 1483 3743 millesimo

222 3785 481 3866 quingentesimo
506 3785 662 3866 vigesimo
686 3799 784 3848 sexto.
