3428 5256
220 331 264 392 44
752 310 957 393 Anno1480.

222 525 381 587 metaliter
405 539 600 607 separatam;
625 526 762 608 desuper
787 526 895 606 itaque
920 545 936 586 a
961 523 1102 607 predicta
1127 524 1177 586 via
1202 526 1368 587 communi
1394 546 1491 609 supe·

223 631 298 693 riori
324 634 363 692 ab
389 633 555 694 occidente
581 646 612 694 et
636 630 717 693 inira
752 631 916 713 usquead
950 631 1047 692 aliam
1072 632 1157 692 viam
1190 629 1375 694 inferiorem
1400 634 1490 696 simi·

222 738 295 800 liter
319 757 545 818 communem,
578 741 617 800 ab
652 740 774 801 oriente
807 736 1014 819 procedendo
1046 757 1064 799 a
1095 736 1216 819 prefata
1244 737 1337 800 vinea
1361 738 1489 803 domini

223 843 378 926 Stephani
403 845 618 926 prebendarii,
653 865 670 905 a
702 843 844 925 quodam
874 846 991 905 trunko
1023 842 1128 905 salicis
1160 856 1242 905 recte
1275 844 1315 905 ad
1339 846 1489 909 arborem

223 950 314 1010 nucis
339 969 432 1017 cruce
456 950 612 1030 signatam
638 964 669 1011 et
693 948 767 1010 inde
792 949 832 1010 ad
859 951 1008 1010 arborem
1026 949 1143 1028 salicis,
1166 968 1265 1030 penes
1289 949 1373 1011 viam
1401 970 1489 1013 com·

223 1074 355 1116 munem
380 1055 588 1136 sepedictam,
613 1055 819 1137 pendentem,
852 1055 1000 1116 similiter
1024 1074 1117 1117 cruce
1149 1056 1320 1136 signatam,
1344 1056 1491 1120 habitam

222 1175 252 1221 et
276 1161 475 1239 existentem,
499 1161 569 1222 viro
593 1161 731 1242 provido
756 1161 891 1222 Nicolao
909 1161 1021 1222 sartori
1043 1158 1111 1222 filio
1137 1160 1276 1223 condam
1302 1161 1428 1224 Nicolai
1449 1163 1491 1226 de

224 1267 452 1345 Hrwsewicza,
476 1267 594 1328 seniori
620 1267 722 1346 jurato
747 1282 777 1328 et
801 1266 926 1328 concivi
951 1280 1060 1328 nostro
1078 1286 1136 1348 pro
1161 1267 1223 1328 alia
1247 1267 1340 1328 vinea
1365 1288 1423 1330 sua
1448 1269 1490 1331 si·

224 1372 341 1433 militer
366 1372 581 1433 condicionali
607 1373 638 1433 in
663 1386 773 1434 monte
810 1373 928 1455 Belyak
962 1372 1081 1450 habita,
1114 1373 1325 1435 commutavit
1349 1386 1380 1434 et
1403 1393 1490 1434 cam·

224 1478 315 1556 bivit,
339 1493 369 1538 et
393 1497 486 1560 super
512 1478 571 1539 hoc
598 1478 754 1539 habentur
778 1479 868 1539 litere
892 1480 951 1539 sub
984 1477 1137 1560 pendenti
1162 1479 1281 1559 sigillo.

329 1620 406 1679 ltem
432 1620 584 1681 Nicolaus
608 1634 709 1683 sartor
732 1617 817 1681 filius
835 1619 983 1680 Damiani
1010 1618 1049 1680 de
1068 1619 1285 1700 Hrusewicza,
1309 1621 1418 1683 senior
1436 1621 1470 1701 ju

224 1741 309 1786 ratus
334 1740 363 1786 et
397 1726 537 1785 concivis
569 1739 693 1801 noster,
726 1725 898 1806 quamdam
932 1725 1121 1807 particulam
1154 1727 1232 1788 silve
1257 1726 1288 1787 in
1320 1726 1483 1788 territorio

224 1847 333 1893 nostro
357 1831 574 1892 condicionali
599 1832 697 1913 vulgo
724 1832 843 1914 helyalr
868 1846 993 1909 vocato,
1023 1852 1122 1914 prope
1147 1833 1318 1914 particulas
1343 1833 1485 1895 vineales

221 1939 345 2019 providi
371 1938 527 1998 lobannis
551 1938 710 2019 agricole3
735 1938 825 1998 cuius
863 1938 941 1999 silve
971 1953 1054 1999 mete
1080 1938 1324 2020 distinguuntur
1349 1939 1412 2001 hoc
1436 1959 1486 2001 or·

224 2045 317 2106 dine:
344 2045 448 2106 Prima
474 2058 557 2104 meta
583 2045 695 2125 incipit
719 2046 758 2105 ab
783 2044 949 2105 occidente
982 2064 999 2104 a
1024 2043 1116 2104 fovea
1143 2045 1224 2106 inter
1248 2045 1362 2106 silvam
1387 2046 1487 2128 lurylc

225 2167 255 2212 et
280 2151 353 2211 inde
386 2171 442 2232 per
472 2151 557 2211 viam
592 2169 799 2211 communem
832 2169 941 2210 versus
973 2150 1237 2232 septemtrionem
1269 2150 1309 2212 ad
1342 2152 1491 2214 arborem

222 2258 333 2338 querci
358 2277 450 2319 cruce
475 2258 645 2338 signatam,
671 2257 745 2318 inde
770 2256 809 2317 ad
840 2255 994 2316 fossatum
1026 2276 1082 2317 seu
1115 2255 1285 2318 decursum
1311 2277 1393 2339 aque
1418 2257 1490 2339 plu-

223 2364 316 2424 vialis
340 2364 438 2444 vulgo
464 2363 606 2425 Globoki
631 2362 742 2444 jarle)k
767 2376 929 2440 vocatum,
951 2377 981 2422 et
1007 2362 1080 2422 inde
1099 2363 1243 2443 procedit
1267 2362 1307 2424 ad
1333 2362 1488 2439 majorem

223 2469 357 2531 fluvium
383 2471 530 2531 similiter
554 2489 637 2550 aque
663 2468 823 2550 pluvialis,
848 2482 878 2528 et
903 2487 959 2549 per
976 2469 1116 2529 eundem
1146 2467 1248 2529 tendit
1272 2469 1312 2530 ad
1337 2471 1490 2530 trunlrum

223 2592 370 2638 castanee
396 2596 488 2637 cruce
512 2577 673 2656 signatum
692 2594 801 2635 versus
819 2575 987 2635 meridiem
1006 2575 1045 2636 ad
1064 2577 1211 2636 arborem
1241 2589 1386 2637 castanee
1405 2594 1489 2636 nove

224 2703 316 2745 cruce
342 2685 498 2764 signatam
525 2683 555 2742 in
581 2682 675 2742 aliam
701 2683 847 2741 arborem
864 2681 1011 2741 similiter
1029 2695 1175 2742 castanee
1200 2700 1292 2742 cruce
1317 2681 1489 2762 signatam,

224 2810 317 2870 supra
343 2804 498 2866 montem,
524 2787 597 2848 inde
623 2806 678 2869 per
703 2786 857 2848 fossatum
889 2786 1048 2847 vinealem
1083 2787 1182 2867 ipsius
1214 2787 1321 2869 Jwryk
1346 2786 1386 2848 ad
1411 2806 1482 2869 pre·

224 2896 341 2956 dictam
367 2894 492 2955 lorcam
518 2896 557 2955 ab
592 2893 768 2971 occidente,
800 2893 898 2953 etsie
931 2893 1142 2954 terminantur
1174 2908 1257 2955 mete
1290 2893 1490 2975 prescripte;

228 3019 299 3060 cum
318 3019 474 3060 consensu
501 2999 576 3060 dicti
602 2998 757 3059 iohannis
781 2999 921 3078 agricole
944 3013 974 3058 et
998 2998 1179 3059 voluntaria
1203 2999 1426 3081 assumpcione
1451 2998 1482 3059 in

223 3127 257 3167 se
283 3107 461 3167 solucionis
492 3106 587 3166 trium
622 3105 825 3182 cubulorum,
858 3104 912 3185 qui
942 3103 982 3164 ad
1014 3104 1181 3165 ecclesiam
1207 3119 1347 3165 nostram
1373 3124 1486 3186 prove·

226 3213 292 3272 nire
319 3212 489 3289 debebant,
514 3212 609 3271 simul
635 3210 675 3271 de
700 3210 793 3271 dictis
821 3211 886 3270 suis
920 3210 1129 3290 porcionibus
1154 3211 1335 3273 vinealibus
1359 3230 1394 3272 ac
1419 3229 1488 3291 pte·

224 3317 298 3379 fatis
321 3319 401 3379 silva
426 3319 484 3378 sibi
510 3317 698 3394 subiacenti,
724 3319 825 3378 eciam
849 3338 886 3378 ex
904 3317 1115 3398 permissione
1141 3317 1340 3378 honorabilis
1364 3316 1489 3378 domini

226 3425 345 3486 Mathei
371 3425 499 3506 plebani
518 3424 600 3485 dicte
620 3424 751 3484 ecclesie
771 3437 877 3483 nostre
897 3423 1056 3484 libertavit
1081 3439 1110 3483 et
1128 3422 1262 3483 liberam
1287 3421 1361 3484 lecit
1379 3441 1488 3484 coram

226 3533 330 3609 nobis,
355 3532 439 3592 unde
464 3551 560 3612 super
584 3530 741 3592 habentur
766 3530 857 3591 litere
882 3530 941 3589 sub
966 3529 1120 3610 pendenti
1145 3529 1263 3609 sigillo,

332 3675 408 3736 ltem
427 3674 579 3757 providus
605 3675 652 3734 vir
671 3674 794 3734 Blasius
818 3673 976 3733 Almanus
993 3670 1078 3731 lilius
1108 3671 1241 3732 Lazarin
1268 3671 1306 3732 de
1333 3672 1488 3755 Wyllako

225 3783 335 3843 senior
360 3779 454 3860 judex
480 3796 509 3840 et
534 3780 676 3840 concivis
700 3793 807 3840 noster
832 3777 996 3857 fidedigno
1032 3778 1217 3839 testimonio
1242 3792 1272 3838 et
1297 3791 1489 3839 testamento

224 3888 344 3969 scripto
370 3888 506 3948 condam
533 3886 650 3947 nobilis
675 3885 799 3946 Nicolai
825 3885 954 3945 sartoris
988 3885 1027 3945 de
1053 3884 1210 3960 Klolcoch,
1244 3885 1322 3944 olim
1349 3885 1490 3946 concivis

228 3994 326 4055 nostri
351 3991 575 4074 comprobavit
599 4006 629 4052 et
662 3991 814 4066 ostendit,
847 3990 934 4070 quod
968 3990 1044 4049 dum
1077 3991 1230 4050 Nicolaus
1254 4003 1355 4050 sartor
1382 3991 1413 4050 in
1439 4011 1489 4050 ex-

226 4100 336 4161 tremis
360 4099 423 4160 vite
448 4117 503 4159 sue
529 4097 712 4173 laborasset,
732 4112 806 4156 tunc
832 4096 898 4177 ipse
932 4096 1105 4176 quamdam
1144 4096 1276 4155 domum
1302 4115 1391 4156 suam
1419 4116 1483 4157 mu·

225 4221 327 4268 ratam
351 4205 447 4265 simul
472 4223 544 4264 curn
579 4202 679 4264 fundo
713 4203 816 4263 eidem
852 4203 963 4262 domui
997 4219 1119 4263 murare
1152 4203 1328 4280 adiacente,
1354 4222 1389 4264 ac
1414 4221 1487 4263 curn

223 4312 293 4373 alio
318 4310 419 4372 fundo
444 4309 578 4372 edificiis
603 4310 717 4390 ligneis
750 4311 913 4386 decorato,
939 4325 1021 4370 retro
1055 4310 1188 4370 eandem
1215 4310 1348 4371 domum
1374 4326 1403 4372 et
1427 4326 1488 4372 sta·

223 4419 337 4480 ciones
361 4431 501 4478 muratas
525 4437 542 4478 a
567 4431 655 4498 parte
680 4417 919 4498 septemtrionis
945 4417 1064 4494 habito,
1097 4416 1202 4477 eidem
1228 4417 1337 4478 domui
1365 4432 1489 4478 mutate

224 4537 255 4588 et
282 4523 416 4585 stacioni
448 4524 615 4584 adiacente
640 4524 679 4583 ab
704 4523 816 4583 eadem
843 4524 949 4603 itaque
968 4523 1067 4583 domo
1092 4536 1215 4584 murata
1241 4536 1271 4584 et
1294 4524 1493 4586 stacionibus

224 4650 243 4695 a
270 4629 402 4694 meridie
427 4629 545 4692 habitis
567 4628 764 4713 incipiendo,
789 4645 819 4691 et
844 4649 944 4711 usque
973 4630 1061 4691 aliud
1095 4628 1229 4690 fundum
1255 4650 1392 4693 vacuum
1418 4652 1490 4714 pro·

225 4735 295 4802 vidi
320 4735 482 4807 Dominici
514 4734 645 4805 litterati
668 4734 727 4803 filii
754 4734 940 4818 l’erowych,
964 4736 1004 4799 ab
1038 4736 1107 4823 ipso
1140 4736 1367 4821 septemtrione
1395 4738 1491 4807 situm
