3428 5256
251 336 314 397 204
797 319 979 379 Inventam.

356 528 510 609 Quinque
535 527 667 589 scutelle
692 526 843 608 plumbee
869 547 975 609 parve,
999 548 1062 609 que
1088 526 1220 591 fuerunt
1243 529 1381 591 condam
1407 527 1521 591 fratris

251 633 371 695 lacobi.

632 774 709 834 Res
734 788 772 836 et
797 775 904 836 bone
929 775 1129 837 ecclesie.

356 934 483 997 Calices
507 953 578 995 cum
605 935 728 1015 patenis
753 947 836 998 netu.

356 1040 425 1102 Due
440 1060 549 1102 cruces
563 1054 724 1122 argentee,
735 1040 897 1118 deaurata,
908 1054 938 1102 et
947 1041 1043 1101 tercia
1058 1057 1173 1122 cuprea
1188 1039 1336 1101 similiter
1352 1038 1518 1102 deaurata.

356 1147 425 1207 Due
449 1166 544 1228 parve
577 1166 685 1207 cruces
719 1161 868 1226 argentee
900 1160 931 1208 et
966 1147 1127 1224 deaurate,
1153 1160 1184 1208 et
1216 1165 1299 1206 unus
1323 1149 1436 1225 Agnus
1462 1145 1517 1208 dei

250 1253 398 1315 similiter
422 1267 591 1335 argenteus
616 1267 646 1313 et
670 1253 852 1330 deauratus,
891 1253 946 1334 qui
971 1250 1031 1313 luit
1056 1251 1194 1313 condam
1219 1250 1324 1313 fratris
1348 1250 1472 1314 Jacobi.

356 1359 546 1442 Corporalia
572 1360 683 1421 decem
710 1374 740 1420 et
765 1374 848 1421 octe.

355 1467 447 1528 Unus
477 1480 608 1528 ornatus
639 1469 756 1527 rubeus
787 1467 826 1527 de
858 1468 1003 1528 kamwka
1042 1464 1216 1528 veneciane
1248 1484 1321 1526 cum
1357 1464 1515 1527 omnibus

249 1574 463 1655 pertinenciis.

356 1679 522 1740 Secundus
547 1694 677 1740 ornatus
709 1680 800 1740 albus
833 1680 871 1740 de
905 1681 1053 1756 kamuka,
1080 1678 1221 1759 integer,
1253 1696 1326 1738 cum
1360 1679 1517 1742 omnibus

249 1786 465 1868 pertinenciis.

355 1893 491 1954 Tercius
529 1906 660 1953 ornatus
699 1911 770 1953 cum
812 1912 903 1954 cruce
944 1893 1048 1954 crocei
1088 1890 1223 1967 coloris,
1255 1909 1327 1952 cum
1360 1893 1517 1955 omnibus

249 1999 465 2081 pertinenciis.

354 2106 494 2180 Quartus
511 2119 641 2167 ornatus
658 2106 696 2167 de
714 2105 892 2166 chemeleto
911 2106 1013 2186 nigro,
1031 2124 1103 2165 curn
1122 2106 1274 2168 omnibus
1291 2105 1511 2187 pertinenciis.

355 2213 496 2286 Quintus
513 2226 644 2274 ornatus
661 2213 701 2272 de
719 2212 856 2293 simplici
875 2214 1024 2289 kamulxa,
1041 2230 1114 2272 cum
1126 2212 1277 2273 omnibus
1294 2211 1514 2293 pertinenciis.

353 2320 465 2382 Sextus
489 2332 621 2381 ornatus
645 2318 738 2379 viridi
763 2318 891 2396 coloris,
916 2317 1062 2399 simplex,
1088 2319 1220 2399 integer.

354 2426 431 2488 ltem
455 2426 609 2508 septimus
633 2439 763 2486 ornatus
789 2427 905 2486 rubeus
930 2425 969 2486 de
995 2424 1233 2503 Rothkamuka,
1256 2426 1390 2506 integer.

353 2531 493 2594 Octavus
518 2545 648 2593 ornatus
672 2531 711 2592 de
737 2531 829 2612 nigro
855 2530 976 2610 velut0,
1001 2531 1162 2612 antiquus.

353 2640 466 2700 Nonus
490 2652 621 2700 ornatus
645 2638 683 2699 de
709 2638 781 2699 alba
811 2637 873 2699 tela

354 2746 504 2807 Decimus
528 2758 659 2807 ornatus
683 2744 797 2826 partim
824 2744 917 2805 viridi
942 2744 1057 2825 partim
1082 2743 1185 2805 crocei
1209 2744 1338 2822 coloris,
1363 2758 1465 2808 vetus.

354 2854 552 2916 Undecimus
576 2867 707 2914 ornatus
732 2852 848 2913 diversi
873 2852 999 2916 coloris.

355 2960 574 3022 Duodecimus
599 2972 729 3020 ornatus
754 2960 871 3019 rubeus
895 2972 925 3019 et
949 2973 1049 3021 vetus.

354 3066 565 3127 Tredecimus
590 3079 721 3127 ornatus
735 3065 772 3125 de
791 3063 968 3125 chemeleth
994 3064 1087 3125 viridi
1113 3064 1240 3129 coloris.

354 3174 426 3235 Una
452 3173 620 3234 dalmatica
645 3172 792 3253 simplex.

354 3280 430 3341 ltem
456 3280 562 3341 casule
588 3293 739 3360 quattuor
763 3279 831 3339 sine
855 3278 925 3339 aliis
950 3278 1165 3360 pertinenciis.

353 3387 424 3448 Una
451 3406 550 3468 cappa
576 3387 650 3446 satis
674 3386 819 3467 simplex.
1065 3369 1072 3379 ⁵

351 3494 442 3556 Unus
467 3508 598 3555 ornatus
623 3493 660 3553 de
686 3492 845 3575 czyndato
871 3493 988 3553 rubeus
1012 3505 1043 3553 et
1068 3510 1181 3554 novus.

353 3600 520 3662 Secundus
545 3614 675 3661 ornatus
699 3600 737 3659 de
763 3598 848 3659 thela
874 3598 975 3659 serico
1001 3611 1095 3676 texta,
1122 3618 1235 3662 novus.

352 3708 487 3768 Tercius
511 3721 642 3768 ornatus
666 3707 769 3767 crocei
794 3705 911 3767 coloris
937 3705 975 3765 de
1001 3704 1241 3784 Rothkamulxa,
1266 3722 1377 3766 novus.

354 3813 495 3886 Quartus
519 3827 650 3874 ornatus
675 3813 713 3873 de
738 3813 828 3893 nigra
853 3811 926 3889 tela,
951 3830 1065 3874 novus.

354 3920 588 4001 Superpellicia
614 3919 689 3996 duo,
715 3939 808 3994 nove,
834 3933 864 3980 et
887 3918 1022 3980 tercium
1047 3932 1148 3982 vetus.

353 4025 429 4086 ltem
456 4027 668 4087 monstrancia
694 4045 809 4107 cuprea
844 4045 917 4103 una,
950 4044 1023 4086 cunr
1056 4025 1184 4087 duobus
1207 4030 1319 4106 Agnus
1342 4023 1395 4086 dei
1419 4022 1506 4084 simi·

246 4132 319 4228 liter
341 4133 476 4212 cupreis.

353 4255 607 4328 Quatuordecim
633 4256 823 4317 candelabra
850 4276 978 4338 cuprea,
1003 4257 1088 4317 bone
1112 4253 1309 4337 quantitatis,
1334 4273 1427 4315 nova.

353 4362 412 4423 Sex
439 4362 629 4423 candelabra
655 4382 770 4443 cuprea
795 4363 938 4444 antiqua.

354 4469 508 4550 Quinque
533 4484 720 4531 ornamenta
739 4469 857 4549 altaris,
874 4471 982 4532 omnia
1001 4490 1094 4548 nova,
1112 4468 1207 4531 unius
1229 4480 1354 4529 tantum
1379 4467 1506 4530 coloris.

355 4575 426 4636 Duo
451 4591 639 4637 ornamenta
665 4577 773 4637 altaris
798 4576 835 4637 de
860 4577 924 4639 tela
952 4576 1054 4638 serico
1079 4576 1208 4638 intexta.

353 4681 462 4744 Unum
495 4697 721 4744 ornamentum
754 4683 862 4744 altaris
892 4681 986 4744 viridi
1020 4695 1051 4744 et
1082 4679 1173 4744 rubei
1205 4679 1324 4742 coluris
1354 4680 1395 4742 ed
1419 4696 1505 4739 aram

246 4802 353 4850 sancte
378 4786 501 4852 Crucis.
