3428 5256
525 1339 654 1444 (Auno
682 1339 837 1427 Domini
864 1336 1255 1440 uooooufflvsso

754 1623 824 1700 (26.
840 1629 1007 1703 januarii).

357 1787 436 1849 Item
462 1787 492 1847 in
511 1805 597 1847 anno
616 1784 747 1845 Domini
766 1784 939 1846 millesimo
958 1785 1278 1865 quadringentesimo
1295 1787 1515 1867 octuagesimo

251 1877 503 1977 septimo,'feria
528 1906 613 1953 sexta
639 1891 783 1972 proxima
808 1905 880 1972 post
905 1888 1019 1952 festum
1039 1890 1271 1953 conversionis
1295 1893 1394 1954 sancti
1414 1893 1515 1970 Pauli,

250 1999 467 2061 communitas
491 1999 619 2059 civium'
634 1997 768 2058 civitatis
794 1996 1075 2077 Montisgrecensis
1092 1996 1181 2059 dedit
1205 2012 1235 2059 et
1260 1998 1396 2059 contulit
1412 2017 1514 2079 quan·

250 2106 323 2168 dam
348 2106 460 2167 turrim
479 2118 634 2166 muratam
656 2103 1053 2165 fratribusHeremitarum
1077 2123 1132 2164 seu
1151 2103 1277 2164 claustri
1296 2105 1386 2164 beate
1413 2105 1512 2165 Marie

249 2211 382 2293 virginis
399 2212 430 2273 in
449 2211 672 2293 promontorio
690 2209 887 2289 zagrabiensi
913 2207 1050 2287 fundati,
1068 2229 1140 2270 cum
1165 2211 1231 2270 suis
1248 2207 1356 2270 lundis
1369 2225 1400 2271 et
1415 2210 1509 2291 perti-

251 2317 373 2381 neuciis
397 2317 429 2378 in
454 2317 581 2378 civitate
599 2331 705 2377 nostra
731 2335 766 2376 ac
784 2315 865 2376 inter
889 2333 958 2392 nos,
983 2330 1106 2397 aparte
1132 2315 1281 2376 videlicet
1307 2315 1510 2376 meridionali

249 2438 281 2486 et
306 2425 388 2486 iuter
413 2422 530 2486 fundos
553 2443 589 2484 ac
614 2423 720 2483 civilia
746 2422 882 2483 condam
910 2422 1038 2504 Mathye
1069 2421 1232 2500 Tbecech,
1257 2442 1294 2483 ex
1321 2442 1393 2499 una,
1419 2424 1514 2506 parti·

249 2532 309 2593 bus
333 2549 410 2592 vero
434 2549 472 2590 ex
495 2530 594 2592 altera
619 2529 697 2589 olim
733 2528 860 2589 discreti
894 2528 1018 2589 domini
1052 2528 1169 2589 Allexii
1203 2529 1380 2610 presbiteri,
1404 2549 1421 2590 a
1445 2549 1514 2612 sep·
1614 2616 1617 2621 Ι

249 2635 456 2714 temtriouali,
481 2635 628 2696 similiter
661 2634 844 2696 concivium
877 2647 1060 2694 nostrorum
1094 2633 1235 2695 habitam
1261 2649 1291 2695 et
1316 2635 1514 2713 existentem,

248 2743 386 2805 subtuli
412 2741 614 2818 condicione,
640 2756 674 2801 ut
700 2741 757 2821 ipsi
784 2739 894 2801 fratres
921 2739 1085 2801 Heremite
1114 2759 1171 2801 seu
1194 2740 1368 2801 claustrum
1394 2740 1511 2802 dictam

247 2850 360 2912 turrim
386 2868 496 2910 eorum
524 2849 555 2908 in
581 2848 679 2908 nostri
706 2847 814 2908 medio
847 2847 1034 2907 existentem
1067 2845 1285 2924 rehedificare,
1317 2848 1446 2926 muniri,
1473 2869 1510 2909 ac

248 2957 365 3019 domus
397 2969 428 3017 et
459 2954 606 3016 hedificia
641 2973 766 3015 necnon
808 2954 928 3014 curiam
964 2967 993 3013 et
1033 2953 1223 3035 (h)ortulum
1264 2955 1345 3015 circa
1378 2956 1513 3018 eundem

248 3062 361 3124 turrim
388 3063 419 3123 in
445 3062 538 3123 dictis
562 3061 626 3121 suis
644 3059 751 3120 fundis
768 3060 923 3140 herigere,
941 3074 1136 3137 construere,
1157 3061 1395 3142 amenitateque
1413 3075 1512 3124 struc-

248 3182 317 3231 tura
342 3182 373 3230 et
397 3166 615 3230 edificacionis
639 3181 669 3228 et
694 3165 934 3227 fortificacionis
969 3166 1121 3228 decorare
1146 3167 1273 3227 valeant
1297 3187 1332 3228 ac
1357 3184 1512 3251 perpetuo

248 3274 316 3356 jure
341 3288 372 3337 et
396 3275 428 3335 in
454 3293 559 3335 ewum
586 3272 716 3355 pacifice
743 3274 865 3355 possint
889 3272 1063 3353 possidere,
1085 3275 1124 3334 ab
1150 3274 1301 3335 omnibus
1326 3293 1456 3355 quoque
1482 3290 1513 3337 et

248 3379 384 3462 singulis
408 3380 524 3441 nostris
541 3379 851 3456 contributionibus,
876 3379 985 3455 datiis,
1003 3378 1222 3439 custodiarum
1240 3380 1376 3441 civitatis
1392 3381 1513 3442 exhibi-

252 3485 411 3563 tionibus,
443 3485 534 3547 tlacis
565 3504 695 3566 quoque
729 3500 758 3546 et
794 3506 810 3546 a
844 3485 1011 3566 quibusvis
1043 3484 1228 3561 honeribus,
1261 3488 1379 3567 quein
1406 3488 1514 3549 medio

249 3593 347 3653 nostri
371 3609 498 3673 scuper
523 3611 581 3652 nos
606 3591 770 3652 dumtaxat
794 3590 861 3652 fieri
886 3605 916 3652 et
942 3592 1064 3673 imponi
1095 3592 1201 3652 solent
1225 3607 1255 3653 et
1279 3594 1421 3674 contingi
1441 3613 1512 3676 pos·

247 3712 328 3776 sent,
351 3698 415 3760 sint
440 3698 537 3759 iidem
564 3695 674 3758 fratres
700 3697 864 3759 Heremite
890 3712 919 3758 et
950 3698 1092 3778 ipsorum
1118 3699 1257 3759 universi
1283 3698 1431 3760 homines
1455 3721 1512 3762 seu

248 3804 398 3886 inquilini
417 3804 535 3867 dictam
550 3805 661 3865 turrim
686 3824 741 3864 seu
759 3804 874 3865 domos
891 3818 921 3864 et
938 3804 1058 3864 curiam
1077 3802 1291 3865 inhabitantes
1304 3822 1457 3888 perpetue
1483 3822 1514 3868 et

248 3909 281 3972 iu
294 3930 400 3974 evum
415 3912 576 3973 exonerati
592 3912 719 3992 penitus
733 3926 763 3972 et
775 3912 910 3971 omnino
928 3930 1059 3991 quoque
1084 3911 1209 3992 privati,
1227 3914 1363 3993 exempti
1390 3929 1419 3973 et
1437 3933 1510 3994 sup·

248 4018 376 4099 portati,
401 4017 460 4078 hoc
487 4031 593 4079 tamen
618 4018 701 4079 clare
726 4037 885 4098 expresso,
911 4017 999 4097 quod
1032 4018 1057 4078 si
1083 4019 1190 4099 plures
1214 4038 1311 4099 quam
1337 4040 1437 4081 unum
1463 4022 1509 4081 in·

247 4122 390 4205 quilinos
414 4123 491 4185 dicti
516 4123 628 4185 fratres
655 4124 818 4184 Heremite
843 4125 873 4184 in
900 4123 1029 4204 prelatis
1058 4143 1169 4184 eorum
1195 4125 1284 4202 turri,
1310 4126 1460 4187 domibus
1484 4142 1515 4188 et

247 4229 335 4291 curia
360 4229 539 4291 inhabitare
564 4245 595 4291 et
620 4231 736 4291 morari
767 4230 929 4291 voluerint
953 4246 984 4291 et
1016 4231 1229 4311 permiserint,
1260 4246 1335 4293 tunc
1361 4233 1439 4294 tales
1465 4234 1511 4294 in·

255 4334 385 4417 quilini,
409 4336 434 4397 si
460 4336 568 4418 plures
593 4357 689 4418 quam
716 4356 799 4397 unus
826 4336 953 4414 luerint,
979 4339 1063 4398 iuxta
1097 4339 1203 4416 ritum,
1228 4339 1361 4400 modum
1388 4355 1417 4401 er
1441 4360 1516 4401 con·

249 4442 453 4504 suetudinem
486 4444 622 4504 civitatis
654 4459 759 4504 nostre
792 4443 831 4504 ad
864 4444 1007 4505 eiusdem
1049 4445 1185 4506 civitatis
1217 4461 1323 4507 nostre
1357 4448 1513 4528 portanda

252 4566 351 4611 onera
376 4564 471 4632 prout
495 4564 525 4610 et
558 4553 653 4611 ceteri
690 4550 768 4612 tales
803 4552 999 4612 tenebuntur
1023 4566 1054 4612 et
1090 4553 1242 4634 premissa
1280 4554 1425 4615 libertate
1451 4574 1514 4615 non

250 4652 407 4721 fruentur.
432 4655 623 4718 Addicimus
647 4658 776 4739 insuper
800 4672 830 4718 et
855 4657 1016 4734 volumus,
1041 4659 1129 4739 quod
1155 4659 1251 4720 iidem
1279 4659 1389 4721 fratres
1415 4660 1514 4722 Here·

253 4760 332 4827 mite
370 4775 402 4825 et
436 4762 609 4825 claustrum
647 4764 803 4826 universis
842 4764 1004 4848 perpetuis
1047 4763 1161 4827 futuris
1200 4768 1420 4849 temporibus,
1451 4767 1515 4829 sin·
