3428 5256
221 339 264 419 48
763 341 851 399 Anno
873 334 968 418 1483.

224 553 312 614 Pauli
337 552 446 614 relicta
471 550 620 611 videlicet
655 549 766 630 prelati
801 551 937 612 condam
971 551 1100 629 Jacobi,
1132 571 1218 613 nunc
1246 569 1322 613 vero
1356 570 1492 613 consors

222 660 378 740 legittima
404 657 560 719 Anthonii
587 656 694 739 Segyn
720 655 775 717 filii
802 657 939 720 condam
958 658 1049 719 Pauli
1074 656 1114 719 de
1139 657 1246 735 Zeela,
1262 657 1404 719 concivis
1430 676 1490 719 no·

222 780 296 842 stra,
320 765 573 848 propinaverunt
606 762 770 844 quandam
803 763 944 825 mediam
977 777 1099 846 partem
1130 763 1239 825 totalis
1271 763 1388 825 domus
1412 783 1488 825 cum

222 871 340 933 celario
363 872 572 931 subterraneo
596 869 656 930 sub
677 869 790 931 eadem
816 867 954 948 exfosso,
972 885 1093 952 partem
1120 868 1271 931 videlicet
1294 868 1492 931 anteriorem

221 978 364 1038 eiusdem
389 977 495 1037 totalis
520 976 646 1052 domus,
671 975 753 1035 inter
777 974 893 1036 domos
926 990 957 1036 et
980 974 1099 1037 fundos
1123 974 1280 1037 lobannis
1303 975 1447 1053 sartoris,
1474 994 1493 1037 a

223 1084 426 1145 meridionali
459 1097 556 1163 parte,
588 1082 627 1141 ab
658 1081 757 1142 altera
789 1100 865 1142 vero
897 1096 986 1163 parte
1018 1101 1116 1162 penes
1147 1080 1282 1144 donnum
1306 1079 1494 1163 hospitalis,

222 1190 326 1251 eidem
353 1189 517 1249 Anthonin
543 1188 648 1269 Segyn
671 1187 904 1268 propinassent,
930 1188 1030 1249 immo
1059 1187 1311 1269 propinaverunt
1334 1202 1365 1248 et
1389 1186 1489 1248 dede-

223 1309 296 1357 runt
319 1310 350 1357 et
374 1307 642 1376 perpetuaverunt
666 1293 752 1354 salva
777 1293 838 1354 alia
864 1293 1034 1355 medietate
1061 1293 1159 1373 ipsius
1187 1292 1277 1354 fundi
1304 1311 1390 1354 nunc
1415 1292 1485 1354 edi·

223 1402 301 1463 ficiis
325 1402 471 1478 carentis,
497 1400 670 1461 heredibus
694 1399 830 1461 condam
858 1398 977 1461 Mathie
1003 1400 1190 1481 carpentarii
1217 1414 1413 1478 remanente,
1439 1399 1489 1461 in·

222 1509 319 1569 troitu
344 1523 433 1588 porte
458 1523 488 1568 et
512 1521 593 1568 terre
619 1507 742 1567 deserte
776 1504 891 1567 ultimo
926 1506 1082 1566 ambabus
1106 1506 1251 1586 partibus
1276 1504 1490 1568 deserviente.

225 1613 340 1673 Datum
367 1612 418 1674 die
443 1627 473 1674 et
497 1632 582 1673 anno
609 1627 642 1673 ut
666 1631 772 1693 supra.

330 1718 406 1778 Item
432 1719 566 1799 provida
592 1717 707 1778 mulier
737 1716 936 1798 Margareths
971 1715 1081 1777 relicta
1113 1714 1253 1778 condam
1280 1714 1413 1797 Georgii
1439 1736 1493 1777 su·

223 1825 300 1885 toris
324 1824 402 1885 olim
429 1825 521 1906 jurati
550 1840 580 1885 et
597 1823 738 1885 concivis
756 1823 867 1901 nostri,
891 1841 949 1904 pro
967 1842 1051 1883 nunc
1076 1842 1152 1884 vero
1177 1841 1308 1884 consors
1331 1820 1492 1903 legittima

224 1932 348 1992 Nicolai
376 1932 547 1993 Mikulicza
572 1932 660 2010 dicti,
685 1931 891 1993 medietatem
909 1929 1077 1991 cuiusdam
1102 1930 1221 1992 domus
1244 1929 1363 2009 totalis,
1388 1929 1490 2012 ipsam

224 2052 294 2119 post
319 2053 455 2100 mortem
480 2037 592 2120 prelati
619 2038 751 2118 Georgii
773 2037 866 2118 primi
892 2036 996 2097 mariti
1014 2037 1073 2114 sui,
1097 2035 1166 2116 jure
1190 2036 1388 2099 successorio
1412 2055 1492 2097 con·

226 2159 422 2223 cernentem,
447 2144 571 2227 prefato
597 2144 733 2206 Nicolao
767 2143 939 2205 Mikulicza
972 2143 1077 2220 dicto,
1110 2142 1268 2205 moderno
1292 2142 1409 2205 marito
1433 2163 1494 2205 suo

223 2251 408 2331 propinavit
432 2271 505 2312 cum
524 2251 694 2313 medietate
712 2250 819 2311 celarii
837 2251 896 2310 sub
920 2249 1032 2309 eadem
1050 2248 1221 2311 medietate
1239 2248 1355 2310 domus
1372 2246 1491 2313 effossi.

225 2390 264 2399 -
290 2356 366 2416 ltem
394 2356 515 2418 ibidem
541 2357 751 2438 personaliter
776 2369 928 2417 asstantes
947 2354 1099 2417 Clemens
1114 2355 1259 2418 literatus
1283 2354 1323 2416 de
1348 2353 1437 2417 Odra
1454 2369 1486 2418 et

224 2461 411 2522 anthonius
430 2462 620 2524 Terbsetich
639 2462 678 2524 de
697 2463 875 2524 Lukawecz
893 2459 1029 2522 confessi
1047 2476 1131 2538 sunt,
1157 2461 1245 2542 quod
1270 2460 1329 2542 ipsi
1354 2459 1490 2523 alteram

226 2568 430 2630 medietatem
458 2568 577 2650 prefate
602 2570 718 2630 domus
743 2587 816 2629 cum
835 2566 1006 2629 medietate
1030 2568 1137 2629 celarii
1162 2569 1222 2629 sub
1246 2566 1346 2630 domo
1370 2566 1485 2651 prefati

227 2674 352 2735 Nicolai
368 2675 540 2736 Mikulicza
566 2674 642 2737 dicti
668 2674 772 2737 effossi
790 2674 1005 2735 vendiderunt
1022 2674 1128 2736 eidem
1153 2674 1288 2736 Nicolao
1313 2674 1487 2736 Mikuliczs

224 2778 310 2839 dicto
335 2799 393 2861 pto
418 2796 557 2862 quatuor
584 2784 652 2846 flor.
678 2782 757 2842 auri.

330 2886 406 2947 ltem
431 2888 585 2968 providus
609 2888 656 2948 vir
681 2886 825 2947 Andreas
856 2884 941 2947 filius
972 2885 1110 2946 condam
1136 2886 1303 2948 Michaelis
1328 2884 1489 2949 Kelchecz

224 2990 328 3053 dietus
352 2993 514 3073 quandam
540 2994 674 3055 domum
699 3007 729 3054 et
754 2990 890 3052 fundum
923 3011 1017 3052 suurn
1051 2992 1082 3052 in
1116 2992 1243 3054 civitate
1276 3007 1384 3054 nostra
1408 2991 1492 3055 iuter

224 3095 358 3158 domurn
384 3099 510 3160 Nicolai
544 3099 635 3177 fabri,
668 3119 684 3160 a
718 3111 806 3180 parte
840 3097 1055 3175 meridionali,
1088 3119 1105 3159 a
1137 3112 1226 3180 parte
1250 3118 1327 3160 vero
1351 3111 1489 3181 septem·

223 3202 353 3263 trionali
379 3224 477 3284 penes
502 3204 635 3266 domum
661 3224 717 3265 seu
746 3202 881 3264 fundum
915 3203 1047 3263 domine
1074 3203 1237 3265 Dorothee
1273 3201 1338 3265 filie
1363 3203 1495 3266 Andree

227 3306 457 3389 Simunowicz,
483 3311 587 3393 ipsum
613 3311 708 3373 titulo
733 3309 912 3390 empcionis
936 3330 953 3369 a
979 3309 1151 3372 Dominico
1176 3308 1244 3370 filio
1268 3309 1405 3371 condem
1431 3308 1495 3372 Va-

224 3412 342 3476 lentini
369 3417 524 3479 Saronich
542 3432 801 3493 concernentem,
819 3414 964 3476 vendidit
981 3414 1119 3476 lohanni
1138 3416 1275 3479 institori
1302 3415 1386 3477 lwan
1404 3414 1496 3478 dicto

228 3537 286 3600 pro
312 3522 461 3586 undecim
487 3524 557 3586 llor.
582 3525 648 3585 auri
686 3524 804 3586 Datum
830 3520 881 3581 die
907 3535 937 3581 et
961 3540 1046 3582 anno
1070 3522 1297 3604 suprascripto.
