3428 5256
252 288 294 351 74
775 271 865 328 Αηηο
886 266 984 349 1498.

250 502 390 545 cessores
414 483 552 544 universi
587 484 788 564 temporibus
820 484 981 565 perpetuis
1012 483 1101 544 omni
1134 502 1220 544 anno
1254 486 1347 546 nobis
1380 506 1437 548 seu
1461 508 1516 548 co·

195 606 197 613 ·
250 591 381 651 mitibus
404 591 520 651 nostris
544 590 655 671 viginti
681 590 826 671 quinque
850 588 973 651 solidos
995 589 1117 670 regales
1137 588 1212 651 dare
1230 604 1261 652 et
1284 592 1410 654 solvere
1427 608 1515 655 tene·

252 698 387 771 buntur;
412 696 462 757 cui
488 696 560 756 data
587 710 633 757 est
657 695 747 756 litera
772 695 993 776 privilegialis.

356 801 454 876 Quod
477 802 552 883 quia
577 821 636 864 nos
659 802 874 863 communitas
909 802 1028 863 civium
1062 802 1200 865 civitatis
1233 802 1515 885 Montisgrecensis

249 908 413 989 quoddam
440 906 536 969 lenile
561 927 655 969 suum
680 908 905 969 condicionale
924 908 955 969 in
972 908 1134 971 territorio
1158 923 1269 971 nostro
1293 930 1350 972 seu
1374 911 1511 974 civitatis

249 1014 369 1097 prefate
394 1015 476 1076 inter
499 1027 598 1076 terras
622 1015 759 1076 arabiles
785 1015 913 1076 Martini
931 1016 1060 1076 sartoris
1085 1015 1212 1098 Radlyn
1231 1015 1318 1094 dicti,
1342 1018 1383 1079 ab
1407 1018 1513 1080 orien-

249 1122 304 1182 tali
329 1134 428 1203 parte,
453 1134 575 1201 aparte
600 1140 676 1182 vero
693 1120 948 1209 septemtrionali
967 1121 1016 1182 via
1034 1122 1227 1202 communis,
1245 1136 1275 1183 et
1301 1122 1382 1184 inter
1399 1143 1514 1186 nemus

249 1240 356 1288 nostre
381 1227 621 1288 communitatis
645 1246 743 1307 penes
762 1226 896 1288 fluvium
915 1226 1154 1288 Cheroomercz
1178 1242 1340 1304 vocatum,
1365 1230 1405 1291 ab
1430 1230 1514 1291 occi·

249 1332 369 1394 dentali
393 1348 493 1415 parte,
519 1353 536 1394 a
561 1347 649 1414 parte
674 1352 750 1394 vero
768 1332 972 1394 meridionali
991 1332 1088 1394 lenile
1111 1333 1238 1414 providi
1255 1348 1286 1397 et
1311 1334 1436 1396 honesti
1454 1335 1512 1396 viri

249 1439 369 1500 Mathie
396 1439 559 1518 institoris,
592 1439 774 1501 concivium
807 1455 1002 1518 nostrorum,
1035 1439 1180 1501 habiturn
1213 1454 1243 1501 et
1268 1441 1416 1519 existens,
1440 1460 1513 1523 pro·

248 1545 325 1606 vido
351 1560 381 1607 et
406 1544 643 1606 honesto‘viro
676 1545 796 1607 Mathie
830 1545 968 1606 institori
1000 1565 1035 1606 ac
1060 1565 1116 1626 per
1140 1564 1214 1607 eum
1246 1547 1311 1608 suis
1343 1546 1514 1608 heredibus

250 1650 410 1730 dedimus,
446 1652 642 1713 contulimus
674 1666 705 1713 et
736 1652 955 1734 inscripsimus
987 1651 1055 1732 jure
1089 1666 1244 1735 perpetuo
1269 1652 1512 1734 possidendum,

249 1757 291 1819 ita
305 1771 424 1836 tamen,
448 1758 535 1839 quod
562 1759 628 1840 ipse
653 1757 790 1820 Mathias
808 1759 943 1839 institor,
960 1759 1075 1840 suique
1100 1759 1232 1821 heredes
1256 1773 1287 1822 et
1310 1779 1508 1822 successores

249 1865 389 1925 universi
415 1865 454 1926 de
479 1865 593 1926 eodem
626 1862 716 1926 fenili
743 1865 832 1926 omni
864 1884 950 1926 anno
982 1866 1077 1927 nobis
1108 1885 1165 1928 seu
1196 1866 1368 1928 comitibus
1391 1867 1507 1928 nostris

248 1971 360 2052 viginti
385 1971 529 2052 quinque
561 1970 683 2032 solidos
716 1971 791 2032 dare
823 1986 854 2032 et
885 1972 1010 2033 solvere
1041 1973 1255 2049 tenebuntur;
1287 1973 1337 2033 cui
1363 1972 1436 2034 data
1460 1988 1507 2035 est

247 2076 337 2138 litera
363 2077 579 2158 privilegialis.

354 2202 450 2276 Quod
473 2203 548 2283 quia
574 2221 632 2263 nos
656 2191 872 2264 communitas
903 2201 1069 2284 quoddam
1101 2200 1198 2264 lenile
1231 2217 1375 2264 nostrum
1401 2203 1511 2265 coodi-

246 2307 371 2370 cionale
396 2309 427 2370 in
452 2308 612 2371 territorio
645 2321 754 2370 nostro
786 2328 842 2369 sen
875 2308 1012 2370 civitatis
1042 2308 1165 2390 prefate
1198 2309 1281 2371 inter
1315 2323 1432 2371 terram
1457 2309 1511 2371 de·

247 2429 362 2476 serram
388 2429 495 2476 nostre
520 2414 771 2492 communitatis,
796 2435 813 2475 a
838 2429 927 2497 parte
951 2415 1112 2493 orientali,
1138 2429 1168 2477 et
1193 2415 1274 2476 inter
1298 2412 1396 2477 fenile
1421 2415 1510 2477 simi·

247 2521 318 2584 liter
342 2537 449 2585 nostre
474 2522 726 2600 communitatis,
759 2542 776 2583 a
801 2537 889 2603 parre
924 2521 1181 2600 meridionalia
1213 2534 1302 2604 parte
1325 2541 1403 2583 vero
1427 2521 1510 2583 occi·

247 2628 366 2691 dentali
394 2630 474 2690 inter
499 2627 607 2690 lenilia
641 2628 788 2690 similiter
819 2627 1056 2689 condicionalis
1089 2624 1199 2690 iacobi
1229 2627 1364 2690 senioris
1394 2626 1509 2708 judicis

247 2755 372 2797 necnon
406 2735 539 2817 Georgii
571 2735 687 2796 sutoris
719 2749 749 2796 et
783 2734 901 2796 Mathia
935 2734 1098 2814 institoris,
1130 2735 1293 2796 seniorum
1318 2733 1507 2814 juratorum,

246 2842 427 2903 concivium
453 2857 647 2920 nostrorum,
665 2841 808 2903 habitum
828 2856 858 2903 et
883 2841 1038 2919 existens,
1063 2840 1199 2923 provido
1224 2855 1255 2902 et
1279 2840 1413 2902 honesto
1437 2840 1507 2902 viro

246 2948 386 3010 Martino
410 2949 526 3009 seniori
552 2948 660 3028 judici,
686 2967 770 3009 nunc
794 2967 870 3008 vero
895 2948 1052 3008 moderno
1076 2943 1237 3029 plebano*
1261 2962 1370 3008 nostro
1395 2965 1431 3008 ac
1455 2944 1504 3008 lu-

246 3055 324 3114 turis
346 3054 518 3116 heredibus
542 3056 606 3115 suis
629 3054 788 3131 dedimus,
813 3054 1010 3115 contulimus
1043 3067 1072 3116 et
1097 3054 1316 3135 inscripsimus
1339 3053 1408 3134 jure
1435 3072 1506 3135 per·

245 3173 343 3240 petuo
368 3159 609 3241 possidendum,
636 3161 677 3222 ita
702 3174 821 3238 tamen,
846 3159 935 3242 quod
961 3160 1028 3241 ipse
1061 3175 1092 3222 et
1116 3160 1164 3221 sui
1197 3159 1390 3221 successoris
1414 3159 1508 3221 nobis

245 3285 301 3327 seu
326 3268 497 3328 comitibus
529 3267 644 3328 nostris
677 3268 765 3328 omni
798 3287 883 3328 anno
916 3267 1027 3348 viginti
1053 3267 1198 3349 quinque
1232 3265 1354 3328 solidos
1386 3265 1509 3346 regales

244 3372 318 3434 dare
345 3389 375 3433 et
398 3374 522 3436 solvere
547 3376 760 3450 tenebuntur;
784 3375 834 3434 cui
868 3373 941 3436 data
966 3389 1013 3435 est
1037 3374 1127 3436 litera
1154 3372 1374 3455 privilegialis.

352 3498 448 3572 Quod
475 3499 549 3580 quia
576 3519 634 3560 nos
658 3500 872 3561 communitas
894 3500 1030 3561 civitatis
1056 3499 1321 3581 Montigrecensis
1344 3499 1507 3581 quandem

245 3605 372 3666 vineam
398 3605 656 3667 condicionalem
681 3606 822 3667 totaliter
843 3607 1013 3685 desertam,
1038 3625 1101 3688 que
1119 3606 1257 3668 condam
1282 3606 1437 3668 Anthonii
1454 3626 1507 3668 su·

243 3712 321 3773 toris
346 3712 443 3792 Segin
469 3712 544 3773 dicti
570 3712 741 3793 prefuerat,
768 3713 798 3773 in
824 3714 985 3774 territorio
1011 3729 1120 3775 nostro
1144 3733 1202 3775 seu
1226 3712 1363 3774 civitatis
1386 3711 1507 3794 prefate

245 3819 326 3878 inter
351 3819 476 3878 vineam
501 3818 759 3879 condicionalem
778 3820 926 3881 similiter
943 3820 1100 3882 desertam
1120 3820 1246 3902 providi
1264 3820 1323 3881 viri
1342 3817 1507 3882 Michaelis

245 3925 522 4000 molendinatoris‚
547 3927 587 3985 ab
622 3945 695 4000 una,
729 3925 878 3988 videlicet
911 3947 927 3986 a
959 3926 1214 4008 septemtrionali
1247 3941 1347 4008 parte,
1371 3940 1402 3988 et
1426 3927 1508 3988 inter

244 4032 369 4091 vineam
396 4029 542 4091 similiter
567 4032 824 4092 condicionalem
856 4035 980 4114 providi
1001 4034 1058 4095 viri
1086 4034 1252 4095 Michaelis
1275 4034 1392 4095 sutoria
1409 4033 1505 4115 Segia

244 4135 331 4211 dicti,
356 4139 395 4196 ab
421 4137 517 4198 altera
544 4138 692 4197 videlicet
721 4159 736 4197 a
772 4140 974 4201 meridionali
1010 4156 1108 4221 parre,
1140 4140 1277 4221 desuper
1301 4160 1318 4200 a
1342 4139 1392 4201 via
1417 4158 1505 4201 com·

245 4244 345 4319 muni,
381 4245 420 4302 ab
456 4244 633 4320 occidente,
659 4259 688 4306 et
722 4244 802 4305 inira
839 4267 939 4327 usque
972 4248 1067 4307 aliam
1101 4247 1185 4307 viam
1218 4265 1424 4308 communem
1464 4247 1505 4308 ab

243 4349 365 4411 oriente
392 4349 531 4409 habitam
558 4365 587 4410 et
613 4351 817 4426 existentem;
842 4353 1067 4433 cuiusquidem
1093 4353 1298 4414 medietatem
1324 4353 1416 4415 vinee
1445 4352 1501 4415 de·

244 4471 324 4515 serre
351 4456 583 4517 condicionalis
607 4457 740 4517 liberam
771 4458 975 4519 vendidimus
1000 4459 1084 4536 juxta
1118 4459 1359 4521 estimacionem
1384 4459 1501 4542 probo·

245 4581 314 4622 rum
340 4563 482 4623 virorum
509 4582 566 4643 pro
591 4584 655 4625 uno
680 4564 761 4642 llor,
786 4565 881 4626 aliam
908 4587 983 4627 vero
1009 4567 1214 4627 medietatem
1239 4564 1506 4628 condicionaliter

350 4771 362 4799 ⁸
381 4769 418 4824 In
438 4772 581 4842 mnryine:
599 4770 644 4825 hic
664 4788 722 4826 non
742 4780 787 4827 est
806 4772 986 4846 ignorancia,
1004 4772 1057 4828 sed
1076 4772 1224 4829 memoria.
