3428 5256
326 541 404 603 Item
428 540 516 622 quod
542 539 617 621 quia
642 539 700 598 viri
725 536 851 619 providi
871 535 1065 611 Anthemus,
1091 534 1203 595 Petrus
1227 545 1257 592 et
1283 528 1401 591 Paulus
1424 525 1484 589 filii

222 651 301 731 Elye
327 647 460 729 Gayzky
485 646 524 706 de
551 647 711 706 Bulrowcz
735 658 766 704 et
791 643 906 704 mulier
921 640 1047 721 Agatha
1075 659 1208 701 consors
1232 637 1376 700 eiusdem
1404 634 1485 716 Elye

222 755 354 838 Gayzlty
379 767 479 813 mater
502 770 579 812 vero
596 764 627 811 et
652 769 788 811 noverca
807 748 1024 830 predictorum
1043 746 1211 823 Anthonii,
1237 743 1320 805 Petri
1345 756 1376 804 et
1395 741 1486 804 Pauli

222 860 437 922 vendiderunt
461 857 624 939 quandam
642 856 774 917 totalem
799 855 932 915 domum
953 856 1094 936 ipsorum
1119 851 1271 932 ligneam,
1297 849 1392 911 simul
1411 865 1485 909 cum

223 967 322 1029 fundo
337 980 367 1027 et
383 965 500 1026 celario
517 965 724 1023 subterraneo
742 962 948 1022 interdomos
973 975 1003 1021 et
1014 959 1131 1020 fundos
1156 956 1276 1019 Mathie
1301 955 1479 1017 Neuedeen

223 1086 352 1154 aparte
378 1070 593 1146 meridionali,
626 1083 656 1131 et
689 1069 770 1129 inter
802 1067 935 1128 domum
968 1081 998 1128 et
1031 1066 1167 1127 fundum
1200 1063 1344 1125 mulieris
1368 1060 1487 1122 lelicza

224 1191 346 1255 vocate,
372 1177 479 1237 relicte
512 1175 649 1235 condam
677 1173 842 1234 Michaelis
875 1171 1030 1254 pellificis,
1068 1171 1219 1232 videlicet
1243 1191 1259 1231 a
1284 1167 1488 1250 septemtrio·

224 1285 299 1362 nali,
325 1283 461 1366 provido
488 1281 614 1343 Mathie'
639 1282 765 1342 literato
797 1280 865 1342 filio
897 1281 1034 1342 condam
1068 1279 1223 1340 iohannis
1246 1277 1405 1359 selliparis
1429 1294 1488 1356 pro

224 1404 297 1452 octo
320 1389 389 1450 flor.
414 1388 501 1463 auri;
526 1388 575 1449 cui
601 1387 673 1448 data
698 1402 744 1448 est
769 1387 859 1448 litera
895 1406 990 1468 super
1023 1386 1183 1468 premissis
1207 1399 1362 1467 perpetuo
1388 1381 1486 1463 possi·

225 1497 338 1558 dendis
361 1496 477 1576 pariter
501 1509 532 1555 et
556 1493 720 1556 habendis.

331 1602 406 1663 ltem
433 1600 521 1682 quod
547 1600 622 1681 quia
649 1598 863 1661 vendiderunt
897 1597 1011 1660 Gallus
1048 1599 1168 1680 juratus
1193 1612 1224 1660 et
1249 1597 1401 1658 dominus
1427 1593 1488 1654 De·

226 1709 357 1770 metrius
392 1707 541 1783 altarista,
577 1707 721 1767 Andreas
746 1725 891 1787 arcupar,
929 1722 1114 1767 executores
1147 1704 1329 1768 testamenti
1366 1699 1490 1781 scripti,

226 1815 389 1896 quandam
414 1827 530 1874 terram
556 1812 710 1873 arabilem
736 1813 817 1873 inter
841 1826 939 1872 terras
963 1812 1099 1873 arabiles
1125 1811 1182 1871 viri
1207 1808 1333 1892 providi
1359 1806 1489 1868 Thome

227 1920 342 1981 sutoris
366 1917 512 1979 moderni
538 1917 642 1996 iurati,
668 1937 684 1977 a
709 1918 974 1999 septemtrionali,
999 1938 1015 1978 a
1041 1917 1133 1999 plaga
1152 1915 1285 1978 ecclesie
1310 1929 1416 1976 nostre
1434 1930 1489 1992 pa·

228 2026 376 2088 rochialis
401 2025 485 2086 beati
511 2024 609 2084 Marci
636 2025 841 2105 ewangeliste
876 2044 892 2085 a
928 2024 1130 2085 meridionali
1155 2042 1192 2084 ac
1216 2023 1297 2082 inter
1321 2019 1401 2080 duas
1425 2018 1493 2079 vias

228 2152 426 2209 communes,
444 2151 505 2192 una
524 2131 564 2191 ab
581 2131 703 2192 oriente
722 2131 784 2191 alia
801 2133 841 2192 ab
858 2131 1035 2207 occidente,
1054 2131 1198 2211 quinque
1216 2129 1328 2206 dietas,
1346 2125 1490 2206 Georgio

230 2258 385 2321 arcuparo
409 2236 477 2299 filio
503 2237 681 2300 Clementis
706 2236 744 2296 de
770 2236 1009 2298 Chernomercz
1042 2256 1099 2319 pro
1124 2249 1262 2318 quatuor
1285 2233 1355 2295 flor.
1380 2231 1492 2294 vendi·

231 2344 368 2420 dissent;
394 2343 444 2404 cui
470 2343 542 2404 data
568 2356 614 2404 est
640 2343 729 2403 litera
754 2343 964 2424 privilegialis
987 2362 1082 2424 super
1106 2341 1279 2424 premissis.

337 2450 413 2511 ltem
428 2449 516 2530 quod
531 2449 605 2530 quia
623 2449 859 2510 testamentaria
877 2449 1043 2530 legacione
1061 2448 1196 2510 condam
1213 2446 1389 2527 Gregorius
1406 2457 1495 2506 sutor

231 2556 393 2637 quandam
419 2555 552 2616 domum
578 2574 667 2615 suam
693 2573 766 2614 cum
785 2553 886 2615 lundo
911 2575 946 2616 ac
965 2555 1082 2616 celario
1111 2557 1319 2615 subterraneo
1346 2551 1494 2633 legasset,

230 2665 311 2723 inter
335 2662 450 2723 domos
481 2675 511 2722 et
543 2659 660 2721 fundos
690 2661 824 2742 provide
858 2662 1002 2723 mulieris
1027 2661 1139 2724 Glazia
1172 2662 1328 2723 consortis
1353 2658 1492 2722 condam

232 2768 360 2829 Thome
385 2768 512 2845 sutoris,
538 2788 553 2827 a
580 2781 667 2849 parte
701 2767 918 2845 meridionali,
948 2788 984 2828 ac
1015 2768 1141 2850 providi
1177 2768 1271 2829 Blasii
1297 2765 1422 2848 pridem
1447 2764 1495 2847 ju·

232 2876 312 2934 dicis
335 2876 374 2936 ab
400 2875 498 2937 altera
522 2875 644 2936 scilicet
660 2875 924 2956 septemtrionali,
945 2876 1053 2936 Marco
1075 2874 1220 2936 servitori
1239 2894 1297 2935 suo
1315 2893 1373 2956 pro
1390 2872 1498 2934 anima

233 3002 289 3042 sua
317 2981 435 3062 legavit
459 2996 490 3043 et
514 2981 664 3056 donavit;
701 2981 751 3041 cui
785 2980 857 3041 data
882 2994 928 3041 est
953 2981 1042 3041 litera
1075 2981 1284 3062 privilegialis
1308 2999 1403 3062 super
1428 2998 1500 3061 pre·

234 3087 338 3147 missis
362 3101 517 3169 perpetuo
542 3086 753 3168 possidendis.

343 3193 418 3253 ltem
452 3193 539 3274 quod
573 3194 648 3273 quia
682 3192 842 3273 Georgius
874 3192 1015 3254 frenator
1048 3194 1209 3273 quandam
1243 3193 1377 3254 domum
1410 3212 1501 3255 suam

237 3299 331 3360 simul
357 3318 429 3360 cum
465 3298 565 3360 lundo
602 3313 632 3360 et
664 3297 797 3359 edificiis
831 3298 993 3375 vendidit,
1025 3300 1107 3360 inter
1140 3299 1274 3360 domum
1308 3314 1337 3360 et
1363 3298 1501 3360 fundum

238 3425 372 3466 vacuum
391 3404 528 3466 condam
546 3425 609 3486 que
635 3404 795 3487 prefuerat
820 3406 929 3466 Jacobi
955 3405 1122 3481 carnificis,
1146 3408 1185 3467 ab
1210 3426 1272 3467 una
1298 3420 1387 3487 parte
1412 3406 1504 3467 vide·

237 3512 311 3572 licet
334 3511 474 3587 australi,
499 3526 529 3571 et
554 3512 635 3572 inter
660 3511 793 3572 domum
825 3525 856 3572 et
887 3510 1022 3573 fundum
1055 3512 1183 3574 Andree
1208 3513 1330 3591 Twlar,
1355 3510 1500 3593 Georgio

237 3616 336 3677 sutori
354 3614 421 3677 filio
440 3616 605 3678 Michaelis
624 3617 830 3701 Brylobrisyn
850 3618 935 3679 dicto
958 3619 997 3679 de
1016 3619 1174 3700 Popowcz
1200 3638 1256 3701 pro
1283 3632 1405 3700 septem
1431 3617 1502 3681 ssot.

237 3723 323 3799 auri3
347 3723 397 3783 cui
423 3722 496 3783 data
521 3737 567 3784 est
591 3723 681 3784 litera
705 3743 800 3804 super
825 3725 985 3805 premissis
1009 3740 1165 3807 perpetuo
1190 3724 1401 3807 possidendis.

344 3828 422 3890 ltem
447 3830 534 3910 quod
568 3830 643 3910 quis
675 3829 827 3891 Nicolaus
859 3828 943 3891 filius
975 3831 1111 3892 condam
1143 3831 1272 3893 Thome
1304 3832 1344 3893 de
1370 3831 1500 3894 Baehun

238 3934 384 3996 vendidit
408 3934 572 4016 quandam
596 3936 723 3997 vineam
757 3956 847 3998 suam
880 3937 962 3998 inter
986 3938 1096 3999 vineas
1129 3939 1263 4000 Lowrek
1289 3938 1329 4000 de
1353 3939 1425 4002 vico
1449 3959 1501 4001 su·

238 4056 355 4117 totum,
381 4061 397 4101 a
423 4056 510 4121 parte
548 4041 750 4102 meridionali
785 4063 819 4103 ac
856 4044 937 4104 inter
974 4045 1099 4106 vineam
1135 4046 1247 4106 Briccii
1274 4045 1366 4123 jurati
1402 4045 1501 4108 nostri

240 4145 386 4208 moderni
411 4159 442 4207 et
466 4146 597 4207 domine
624 4146 723 4209 Elene
741 4150 898 4210 consortis
922 4169 988 4227 sue,
1013 4165 1135 4231 aparte
1160 4152 1425 4233 septemtrionali,
1442 4170 1501 4234 pro

240 4265 361 4335 septem
387 4265 418 4313 et
442 4252 551 4313 medio
575 4251 644 4315 flor.
678 4255 756 4332 suri,
791 4256 915 4316 Simoni
944 4258 1054 4317 sartori
1089 4256 1156 4318 lilio
1189 4258 1327 4319 condam
1353 4258 1437 4321 Petri
1465 4258 1505 4322 de

241 4357 529 4441 Granosynopole;
553 4360 603 4419 cui
629 4358 702 4420 data
726 4375 771 4421 est
796 4362 885 4423 litera
911 4362 1118 4443 privilegialis
1141 4384 1236 4445 super
1261 4365 1432 4446 premissis.

347 4463 424 4527 ltem
449 4464 536 4546 quod
561 4464 637 4546 quia
662 4468 898 4529 testamentaria
917 4469 1082 4549 legacione
1107 4470 1245 4532 condam
1269 4471 1398 4533 Andree
1425 4472 1505 4533 olim

242 4569 357 4651 judicis
379 4568 436 4633 filii
463 4570 606 4633 Simonis
636 4571 799 4653 quandam
833 4575 1022 4655 particulam
1060 4591 1139 4638 terre
1173 4597 1230 4639 sue
1253 4578 1385 4640 arabilis
1408 4598 1507 4660 penes

243 4672 378 4739 fluvium
402 4674 641 4741 Chernomercz
665 4692 825 4756 vocato,a
849 4694 937 4760 parte
954 4680 1157 4759 occidentali,
1182 4703 1281 4765 penes
1304 4698 1420 4746 terram
1439 4704 1507 4747 ara·

244 4778 345 4845 bilem
379 4782 555 4847 liberorum
588 4802 645 4847 seu
676 4803 897 4847 successorum
931 4787 1067 4849 condam
1101 4788 1199 4852 Lucie
1230 4790 1339 4853 relicte
1369 4792 1508 4854 condam
