3428 5256
794 311 881 368 Anno
904 322 996 388 1504.

368 519 465 594 Quod
491 520 567 602 quia
591 540 649 582 nos
681 522 895 582 communitas
929 521 1219 602 Montisgrccensis,
1255 521 1373 582 nobilis
1398 519 1526 602 Gywan

262 625 475 687 tricesimator
499 627 714 707 zagrabiensis
731 640 762 688 et
786 627 927 689 concivis
943 640 1052 688 noster
1076 628 1108 687 in
1126 647 1183 689 sua
1199 647 1235 688 ac
1260 628 1379 688 nobilis
1401 627 1531 689 hiberti

262 731 380 793 literati
404 733 550 814 personis
574 751 681 795 coram
707 733 799 794 nobis
823 731 1014 795 constitutus
1042 746 1073 794 et
1096 746 1210 814 sponte
1236 732 1400 795 consessus
1424 748 1470 795 est
1495 734 1529 795 itt

263 837 349 898 hunc
373 837 525 900 modum:
550 838 689 920 qualiter
714 839 780 921 ipse
806 839 969 921 quandam
1002 839 1136 901 domum
1169 839 1331 901 ruinosam
1357 854 1531 920 muratam,

262 944 358 1006 simul
382 963 455 1005 cum
482 943 583 1006 fundo
608 959 640 1007 et
664 944 792 1023 celario,
817 946 849 1006 in
881 945 964 1007 dicta
989 945 1127 1023 civitate,
1159 965 1256 1027 quam
1289 947 1355 1028 ipse
1390 947 1532 1029 propriis

263 1050 410 1132 expensis
433 1064 464 1113 et
488 1051 669 1133 sumptibus
693 1051 836 1113 denoto
862 1051 1048 1113 reformavit
1065 1067 1095 1113 et
1112 1053 1211 1114 etexit
1236 1053 1317 1113 inter
1341 1051 1475 1114 domum
1496 1067 1530 1114 et

264 1155 420 1218 heredum
445 1176 501 1218 seu
525 1176 744 1218 successorum
777 1157 914 1219 condam
948 1157 1150 1219 Soldinarich
1183 1153 1370 1238 nuncupati,
1393 1157 1533 1218 senioris

262 1261 378 1343 judicis
395 1276 425 1323 et
441 1263 584 1324 concivis
602 1263 712 1340 nostri,
737 1265 777 1324 ab
802 1263 949 1325 orientali
976 1278 1006 1324 et
1023 1283 1039 1324 a
1058 1262 1261 1324 meridionali
1288 1276 1319 1325 et
1335 1262 1531 1325 occidentali

263 1368 377 1451 plagis,
393 1368 497 1449 platee
516 1388 715 1447 communes,
732 1369 837 1447 sitam,
858 1369 999 1430 habitam
1017 1384 1047 1429 et
1063 1369 1264 1447 existentem,
1283 1370 1386 1451 ipsum
1404 1368 1529 1431 scilicet

264 1474 408 1536 nobilem
434 1473 618 1558 Gywanum
643 1477 799 1537 dictuma
822 1475 960 1536 condam
985 1475 1150 1536 Anthonio
1168 1489 1198 1537 et
1212 1474 1355 1557 predicto
1380 1475 1532 1554 Alberto,

263 1579 406 1659 literatis,
429 1581 524 1643 titulo
549 1580 709 1643 debitorio
734 1597 992 1658 concernentem,
1017 1595 1112 1662 prout
1144 1581 1174 1641 id
1200 1600 1273 1642 cum
1297 1579 1468 1642 sufficienti
1499 1596 1533 1644 et

263 1685 428 1769 fidedigno
456 1688 643 1749 testimonio
675 1707 781 1749 coram
820 1689 913 1749 nobis
951 1688 1034 1749 clare
1067 1687 1300 1768 comprobavit,
1332 1687 1428 1748 simul
1454 1706 1531 1748 cum

264 1794 417 1855 omnibus
440 1792 584 1855 eiusdem
610 1793 728 1855 domus
759 1808 894 1872 mutate,
927 1792 1016 1854 fundi
1042 1807 1072 1855 et
1104 1793 1211 1854 celarii
1244 1813 1280 1854 ac
1304 1792 1532 1856 hedificiorum

266 1898 459 1960 utilitatibus
483 1913 513 1960 et
531 1900 737 1981 pertinenciis
756 1900 923 1976 universis,
946 1899 1076 1980 egregio
1093 1899 1228 1960 domino
1245 1899 1383 1961 iohanni
1409 1900 1534 1961 Jacobo

265 2003 305 2065 de
329 2005 487 2085 Angellis,
512 2005 633 2066 arcium
659 2020 689 2067 et
715 2006 875 2066 medicine
899 2004 1034 2082 doctori,
1060 2004 1264 2065 illustrissimi
1290 2004 1415 2067 domini
1441 2004 1535 2067 ducis

265 2109 403 2172 Coruini
429 2127 487 2171 etc.
513 2109 642 2187 medici,
667 2131 703 2171 ac
728 2110 849 2172 nobilis
870 2110 1001 2171 domine
1019 2109 1156 2193 Mylicza
1180 2109 1360 2171 conthorali
1385 2111 1532 2173 eiusdem

265 2236 323 2299 pro
349 2230 477 2278 centum
503 2232 534 2277 et
558 2217 793 2298 quinquaginta
808 2217 876 2279 flor.
895 2217 974 2293 auri,
999 2217 1039 2277 ab
1057 2215 1176 2277 eisdem
1201 2217 1300 2298 prius,
1325 2231 1420 2299 prout
1436 2219 1534 2280 nobis

266 2323 400 2405 ipsemet
424 2321 543 2399 retulit,
569 2323 663 2404 plene
689 2323 800 2384 levatis
833 2338 863 2383 et
895 2323 1030 2404 receptis
1055 2321 1261 2400 vendidisset,
1293 2323 1477 2385 tradidisset
1501 2339 1534 2386 et

266 2429 476 2511 inscripsisset
501 2448 608 2490 coram
635 2430 739 2505 nobis,
764 2448 819 2510 per
844 2429 974 2490 eosdem
1008 2428 1151 2509 ipsorum
1176 2427 1349 2489 heredibus
1373 2429 1535 2491 universis

266 2534 334 2612 jure
359 2549 516 2617 perpetuo
533 2535 762 2616 possidendam
787 2555 822 2595 ac
840 2534 927 2612 juxta
943 2534 1169 2595 condicionem
1188 2534 1325 2595 civitatis
1348 2535 1535 2615 quomodo·

265 2660 404 2722 eumque
419 2642 580 2702 voluerint
597 2641 851 2722 disponendam,
865 2640 1035 2721 assumpsit
1053 2639 1284 2701 nichilominus
1300 2641 1387 2702 idem
1406 2639 1534 2723 Gywao

266 2746 466 2828 infrascripta
491 2746 624 2808 tirmiter
648 2746 847 2808 observanda
865 2761 895 2807 et
912 2748 943 2807 in
966 2766 999 2807 se
1016 2747 1121 2827 ipsum
1146 2765 1324 2823 assumens,
1347 2748 1404 2808 tali
1423 2748 1536 2826 modo,

266 2854 355 2934 quod
379 2854 405 2914 si
430 2855 496 2936 ipse
522 2870 718 2915 memoratos
735 2853 904 2913 dominum
927 2852 1094 2913 doctorem
1111 2868 1142 2913 et
1166 2854 1334 2914 dominam
1359 2854 1535 2936 Myliczam

267 2979 302 3020 ac
327 2958 460 3020 heredes
484 2979 520 3020 ac
545 2960 747 3040 posteritates
771 2959 914 3040 ipsorum
949 2959 1126 3035 universos,
1150 2957 1191 3019 ad
1215 2959 1302 3040 ipsos
1325 2961 1537 3040 pertinentes,

266 3066 298 3125 in
323 3064 457 3147 pacitico
482 3066 629 3125 dominio
655 3066 794 3146 ipsarum
819 3064 992 3125 domorum
1026 3083 1089 3124 non
1115 3064 1215 3144 possit
1239 3079 1383 3126 autnon
1408 3081 1537 3129 curaret

267 3173 360 3245 tueri,
385 3186 553 3252 protegere
577 3188 607 3231 et
632 3170 810 3245 defensare,
825 3184 940 3230 extunc
957 3170 1042 3230 idem
1066 3168 1190 3252 Gywan
1215 3190 1251 3231 ac
1274 3170 1410 3232 heredes
1432 3172 1484 3233 sui
1503 3173 1536 3235 iu

267 3278 523 3358 possessionibus
547 3292 577 3337 et
602 3278 632 3337 in
659 3279 754 3337 rebus
778 3296 813 3336 ar
838 3277 982 3357 pecuniis
1012 3277 1153 3357 ipsorum
1179 3277 1210 3335 in
1235 3278 1426 3357 quantitate,
1451 3277 1537 3340 truc·

266 3385 415 3444 tuositate
440 3398 471 3444 et
503 3384 611 3444 valore
644 3398 858 3464 pretactarum
892 3383 1064 3442 domorum
1089 3381 1211 3442 eisdem
1244 3383 1381 3444 domino
1404 3383 1534 3447 doctori

266 3505 296 3551 et
314 3491 445 3550 domine
461 3489 597 3570 hirlicza
614 3508 793 3568 eorumque
811 3488 984 3548 heredibus
1000 3488 1161 3567 predictos
1175 3502 1305 3549 centum
1323 3504 1355 3551 et
1370 3490 1537 3571 quinqua·

264 3596 353 3677 ginta
379 3595 461 3663 tior..
486 3611 630 3676 preterea
654 3614 768 3654 omnes
792 3609 820 3654 et
846 3594 992 3672 singulos
1023 3594 1159 3667 lsbotes,
1183 3612 1267 3673 quos
1290 3594 1453 3657 antelatus
1475 3597 1537 3658 do·

267 3702 376 3761 minus
400 3702 513 3761 ductor
537 3717 600 3760 tam
628 3702 657 3759 in
694 3700 880 3759 mutacione
914 3718 1011 3778 quam
1044 3699 1076 3758 in
1106 3699 1215 3778 ligneo
1246 3719 1345 3781 opere
1369 3699 1445 3762 lecit
1466 3699 1539 3765 fieri

267 3821 298 3867 et
321 3807 463 3866 ordinati
489 3808 521 3865 in
546 3804 665 3887 prelata
692 3807 802 3876 domo,
826 3823 908 3884 quos
931 3816 1091 3883 seperatus
1115 3802 1240 3886 Gywau
1266 3824 1369 3886 usque
1393 3807 1434 3868 ad
1458 3827 1536 3890 per·

266 3911 442 3973 lectionem
460 3914 544 3972 dicte
561 3913 678 3972 domus
702 3931 767 3970 non
785 3925 1095 3989 consuntpmarerat,
1114 3909 1201 3981 date,
1218 3911 1344 3973 solrete
1369 3932 1433 3974 una
1458 3933 1536 3977 eum

266 4020 439 4080 heredibus
463 4020 528 4078 suis
551 4019 712 4078 tenebitur
737 4032 767 4076 et
792 4018 850 4076 erit
885 4016 1046 4094 obligatus
1077 4017 1278 4096 presencium
1303 4037 1361 4098 per
1383 4019 1532 4100 vigorem

266 4124 495 4184 medianeium.
523 4124 660 4183 Deorum
687 4142 762 4181 reto
791 4121 851 4180 hiis
883 4122 999 4180 habitis
1023 4122 1156 4181 honesta
1187 4122 1320 4183 domina
1346 4130 1442 4186 hona
1466 4123 1537 4189 filia

266 4230 403 4291 condam
429 4230 549 4288 nobilis
573 4228 697 4288 Nicolai
725 4226 890 4290 Hora-ns.
923 4227 1001 4285 oiim
1036 4229 1177 4286 concitis
1208 4229 1321 4303 nostri,
1344 4249 1433 4292 nunc
1456 4251 1537 4295 reto

266 4355 397 4397 consors
422 4336 578 4413 legittima
603 4334 712 4392 ‚laeoht
740 4334 851 4391 decani
877 4349 906 4390 e:
937 4334 1077 4390 conen-is
1109 4334 1221 4399 neutri.
1251 4335 1402 4397 similiter
1422 4356 1536 4401 coram

266 4444 361 4503 nobis
385 4443 416 4501 ia
441 4461 496 4500 sua
522 4461 557 4499 a:
586 4440 740 4518 Stephan:
768 4452 871 4497 trsttts
895 4458 941 4496 su.
975 4440 1089 4496 exterius
1123 4440 1269 4517 personis
1291 4456 1412 4517 astaus,
1433 4461 1537 4507 omne

267 4567 351 4609 otrus
373 4562 403 4608 e:
429 4565 602 4626 gestamen
629 4565 659 4603 :a
684 4564 716 4603 se
743 4546 886 4603 eusdem
920 4562 1153 4622 assumpnrens,
1176 4544 1316 4623 qualiter
1338 4546 1407 4628 ipsa
1429 4568 1538 4613 unum

265 4652 402 4715 tundunt
419 4654 591 4715 desertum.
615 4669 712 4709 unam
737 4652 857 4709 cutiam
883 4650 913 4707 iu
933 4669 964 4708 se
989 4650 1220 4717 amittentem.
1232 4669 1333 4731 penes
1347 4653 1487 4719 ἀοωω
1502 4670 1539 4721 et

268 4758 424 4821 heredum
450 4758 564 4837 ptetsti
590 4755 747 4817 lobannis
764 4754 978 4822 Soldiuarieh,
1003 4758 1042 4813 ab
1058 4756 1207 4817 orientali
1227 4770 1258 4818 et
1273 4760 1537 4841 sepeemuimli
