<?xml version="1.0" encoding="UTF-8"?>
<!DOCTYPE html PUBLIC "-//W3C//DTD XHTML 1.0 Transitional//EN"
    "http://www.w3.org/TR/xhtml1/DTD/xhtml1-transitional.dtd">
<html xmlns="http://www.w3.org/1999/xhtml" xml:lang="en" lang="en">
 <head>
  <title>
</title>
<meta http-equiv="Content-Type" content="text/html;charset=utf-8" />
  <meta name='ocr-system' content='tesseract 3.04.00' />
  <meta name='ocr-capabilities' content='ocr_page ocr_carea ocr_par ocr_line ocrx_word'/>
</head>
<body>
  <div class='ocr_page' id='page_1' title='image "./monumentahistor02laszgoog_0053.png"; bbox 0 0 3428 5256; ppageno 0'>
   <div class='ocr_carea' id='block_1_1' title="bbox 789 332 988 407">
    <p class='ocr_par' dir='ltr' id='par_1_1' title="bbox 789 332 988 407">
     <span class='ocr_line' id='line_1_1' title="bbox 789 332 988 407; baseline 0.015 -21"><span class='ocrx_word' id='word_1_1' title='bbox 789 332 877 388; x_wconf 77' lang='lat' dir='ltr'>Anno</span> <span class='ocrx_word' id='word_1_2' title='bbox 899 341 988 407; x_wconf 80' lang='lat'><em>1471.</em></span> 
     </span>
    </p>
   </div>
   <div class='ocr_carea' id='block_1_2' title="bbox 250 537 1526 3380">
    <p class='ocr_par' dir='ltr' id='par_1_2' title="bbox 250 537 1526 3380">
     <span class='ocr_line' id='line_1_2' title="bbox 356 537 1526 623; baseline -0.002 -20"><span class='ocrx_word' id='word_1_3' title='bbox 356 542 454 616; x_wconf 85' lang='lat' dir='ltr'>Quod</span> <span class='ocrx_word' id='word_1_4' title='bbox 479 542 554 623; x_wconf 90' lang='lat' dir='ltr'>quia</span> <span class='ocrx_word' id='word_1_5' title='bbox 591 541 638 601; x_wconf 93' lang='lat' dir='ltr'>vir</span> <span class='ocrx_word' id='word_1_6' title='bbox 671 541 824 622; x_wconf 90' lang='lat' dir='ltr'>providus</span> <span class='ocrx_word' id='word_1_7' title='bbox 858 540 1015 602; x_wconf 88' lang='lat' dir='ltr'>Martinus</span> <span class='ocrx_word' id='word_1_8' title='bbox 1046 539 1186 621; x_wconf 85' lang='lat' dir='ltr'>agricola</span> <span class='ocrx_word' id='word_1_9' title='bbox 1218 537 1304 600; x_wconf 89' lang='lat' dir='ltr'>lilius</span> <span class='ocrx_word' id='word_1_10' title='bbox 1336 538 1454 601; x_wconf 88' lang='lat' dir='ltr'>Briccii</span> <span class='ocrx_word' id='word_1_11' title='bbox 1482 539 1526 601; x_wconf 88' lang='lat' dir='ltr'>de</span> 
     </span>
     <span class='ocr_line' id='line_1_3' title="bbox 251 643 1525 731; baseline -0.002 -21"><span class='ocrx_word' id='word_1_12' title='bbox 251 650 326 710; x_wconf 90' lang='lat' dir='ltr'>villa</span> <span class='ocrx_word' id='word_1_13' title='bbox 352 647 497 731; x_wconf 86' lang='lat' dir='ltr'>Dedych,</span> <span class='ocrx_word' id='word_1_14' title='bbox 522 668 557 708; x_wconf 90' lang='lat' dir='ltr'>ac</span> <span class='ocrx_word' id='word_1_15' title='bbox 583 648 685 728; x_wconf 88' lang='lat' dir='ltr'>proba</span> <span class='ocrx_word' id='word_1_16' title='bbox 710 646 825 708; x_wconf 92' lang='lat' dir='ltr'>mulier</span> <span class='ocrx_word' id='word_1_17' title='bbox 850 652 959 726; x_wconf 81' lang='lat' dir='ltr'><strong>Agnes</strong></span> <span class='ocrx_word' id='word_1_18' title='bbox 991 659 1103 707; x_wconf 88' lang='lat' dir='ltr'>vocata</span> <span class='ocrx_word' id='word_1_19' title='bbox 1135 645 1245 707; x_wconf 89' lang='lat' dir='ltr'>relicta</span> <span class='ocrx_word' id='word_1_20' title='bbox 1277 643 1416 706; x_wconf 88' lang='lat' dir='ltr'>condam</span> <span class='ocrx_word' id='word_1_21' title='bbox 1443 644 1525 707; x_wconf 88' lang='lat' dir='ltr'>Cle·</span> 
     </span>
     <span class='ocr_line' id='line_1_4' title="bbox 251 750 1525 836; baseline -0.002 -20"><span class='ocrx_word' id='word_1_22' title='bbox 251 756 366 816; x_wconf 88' lang='lat' dir='ltr'>mentis</span> <span class='ocrx_word' id='word_1_23' title='bbox 390 754 542 836; x_wconf 80' lang='lat' dir='ltr'><strong>agricole,</strong></span> <span class='ocrx_word' id='word_1_24' title='bbox 568 751 625 815; x_wconf 89' lang='lat' dir='ltr'>lilii</span> <span class='ocrx_word' id='word_1_25' title='bbox 652 753 790 814; x_wconf 89' lang='lat' dir='ltr'>condam</span> <span class='ocrx_word' id='word_1_26' title='bbox 807 751 946 831; x_wconf 90' lang='lat' dir='ltr'>Crisani‚</span> <span class='ocrx_word' id='word_1_27' title='bbox 963 750 1021 814; x_wconf 89' lang='lat' dir='ltr'>lilii</span> <span class='ocrx_word' id='word_1_28' title='bbox 1038 750 1196 813; x_wconf 88' lang='lat' dir='ltr'>Anthonii</span> <span class='ocrx_word' id='word_1_29' title='bbox 1213 751 1253 813; x_wconf 89' lang='lat' dir='ltr'>de</span> <span class='ocrx_word' id='word_1_30' title='bbox 1270 751 1355 814; x_wconf 92' lang='lat' dir='ltr'>dicta</span> <span class='ocrx_word' id='word_1_31' title='bbox 1372 750 1525 836; x_wconf 87' lang='lat' dir='ltr'>Dedych,</span> 
     </span>
     <span class='ocr_line' id='line_1_5' title="bbox 250 856 1523 941; baseline -0.002 -17"><span class='ocrx_word' id='word_1_32' title='bbox 250 863 328 925; x_wconf 91' lang='lat' dir='ltr'>olim</span> <span class='ocrx_word' id='word_1_33' title='bbox 354 862 495 924; x_wconf 89' lang='lat' dir='ltr'>concivis</span> <span class='ocrx_word' id='word_1_34' title='bbox 529 861 639 938; x_wconf 85' lang='lat' dir='ltr'>nostri,</span> <span class='ocrx_word' id='word_1_35' title='bbox 671 880 756 922; x_wconf 87' lang='lat' dir='ltr'>nunc</span> <span class='ocrx_word' id='word_1_36' title='bbox 792 880 865 921; x_wconf 90' lang='lat' dir='ltr'>vero</span> <span class='ocrx_word' id='word_1_37' title='bbox 898 879 1029 921; x_wconf 89' lang='lat' dir='ltr'>consors</span> <span class='ocrx_word' id='word_1_38' title='bbox 1064 859 1223 940; x_wconf 86' lang='lat' dir='ltr'>legittima</span> <span class='ocrx_word' id='word_1_39' title='bbox 1247 856 1360 941; x_wconf 87' lang='lat' dir='ltr'>prelati</span> <span class='ocrx_word' id='word_1_40' title='bbox 1386 858 1523 921; x_wconf 85' lang='lat' dir='ltr'>Martini</span> 
     </span>
     <span class='ocr_line' id='line_1_6' title="bbox 250 964 1523 1049; baseline -0.003 -20"><span class='ocrx_word' id='word_1_41' title='bbox 250 968 389 1049; x_wconf 82' lang='lat' dir='ltr'>agricole</span> <span class='ocrx_word' id='word_1_42' title='bbox 428 966 484 1028; x_wconf 85' lang='lat' dir='ltr'>filii</span> <span class='ocrx_word' id='word_1_43' title='bbox 510 967 635 1044; x_wconf 76' lang='lat' dir='ltr'>briccii,</span> <span class='ocrx_word' id='word_1_44' title='bbox 669 966 884 1027; x_wconf 88' lang='lat' dir='ltr'>vendiderunt</span> <span class='ocrx_word' id='word_1_45' title='bbox 916 965 1077 1047; x_wconf 89' lang='lat' dir='ltr'>quandam</span> <span class='ocrx_word' id='word_1_46' title='bbox 1111 966 1238 1026; x_wconf 86' lang='lat' dir='ltr'>vineam</span> <span class='ocrx_word' id='word_1_47' title='bbox 1272 964 1415 1047; x_wconf 88' lang='lat' dir='ltr'>ipsorum</span> <span class='ocrx_word' id='word_1_48' title='bbox 1442 964 1523 1049; x_wconf 84' lang='lat' dir='ltr'>Pry-</span> 
     </span>
     <span class='ocr_line' id='line_1_7' title="bbox 251 1071 1521 1158; baseline -0.002 -23"><span class='ocrx_word' id='word_1_49' title='bbox 251 1076 408 1158; x_wconf 85' lang='lat' dir='ltr'>krysnyalr</span> <span class='ocrx_word' id='word_1_50' title='bbox 433 1074 551 1135; x_wconf 90' lang='lat' dir='ltr'>dictam</span> <span class='ocrx_word' id='word_1_51' title='bbox 579 1074 610 1134; x_wconf 95' lang='lat' dir='ltr'>in</span> <span class='ocrx_word' id='word_1_52' title='bbox 637 1073 797 1134; x_wconf 91' lang='lat' dir='ltr'>territorio</span> <span class='ocrx_word' id='word_1_53' title='bbox 823 1086 931 1133; x_wconf 91' lang='lat' dir='ltr'>nostro</span> <span class='ocrx_word' id='word_1_54' title='bbox 957 1073 987 1133; x_wconf 92' lang='lat' dir='ltr'>in</span> <span class='ocrx_word' id='word_1_55' title='bbox 1015 1085 1125 1134; x_wconf 89' lang='lat' dir='ltr'>monte</span> <span class='ocrx_word' id='word_1_56' title='bbox 1150 1092 1206 1134; x_wconf 91' lang='lat' dir='ltr'>seu</span> <span class='ocrx_word' id='word_1_57' title='bbox 1231 1071 1304 1134; x_wconf 94' lang='lat' dir='ltr'>loco</span> <span class='ocrx_word' id='word_1_58' title='bbox 1332 1071 1521 1133; x_wconf 85' lang='lat' dir='ltr'>lelenowcz</span> 
     </span>
     <span class='ocr_line' id='line_1_8' title="bbox 250 1177 1520 1261; baseline 0 -22"><span class='ocrx_word' id='word_1_59' title='bbox 250 1196 374 1255; x_wconf 90' lang='lat' dir='ltr'>vocato,</span> <span class='ocrx_word' id='word_1_60' title='bbox 399 1201 434 1241; x_wconf 87' lang='lat' dir='ltr'>ac</span> <span class='ocrx_word' id='word_1_61' title='bbox 460 1181 541 1240; x_wconf 88' lang='lat' dir='ltr'>inter</span> <span class='ocrx_word' id='word_1_62' title='bbox 566 1180 752 1261; x_wconf 86' lang='lat' dir='ltr'>porcionem</span> <span class='ocrx_word' id='word_1_63' title='bbox 789 1179 946 1240; x_wconf 82' lang='lat' dir='ltr'>vinealem</span> <span class='ocrx_word' id='word_1_64' title='bbox 972 1178 1135 1240; x_wconf 88' lang='lat' dir='ltr'>Valentini</span> <span class='ocrx_word' id='word_1_65' title='bbox 1168 1177 1309 1259; x_wconf 81' lang='lat' dir='ltr'>agricole</span> <span class='ocrx_word' id='word_1_66' title='bbox 1333 1198 1350 1238; x_wconf 96' lang='lat' dir='ltr'>a</span> <span class='ocrx_word' id='word_1_67' title='bbox 1375 1191 1520 1259; x_wconf 88' lang='lat' dir='ltr'>septem·</span> 
     </span>
     <span class='ocr_line' id='line_1_9' title="bbox 250 1283 1519 1366; baseline -0.002 -19"><span class='ocrx_word' id='word_1_68' title='bbox 250 1287 364 1363; x_wconf 89' lang='lat' dir='ltr'>trione,</span> <span class='ocrx_word' id='word_1_69' title='bbox 389 1287 525 1366; x_wconf 79' lang='lat' dir='ltr'>desuper</span> <span class='ocrx_word' id='word_1_70' title='bbox 550 1307 566 1346; x_wconf 91' lang='lat' dir='ltr'>a</span> <span class='ocrx_word' id='word_1_71' title='bbox 592 1286 733 1366; x_wconf 89' lang='lat' dir='ltr'>quodam</span> <span class='ocrx_word' id='word_1_72' title='bbox 753 1284 870 1346; x_wconf 86' lang='lat' dir='ltr'>fossato</span> <span class='ocrx_word' id='word_1_73' title='bbox 895 1301 926 1345; x_wconf 91' lang='lat' dir='ltr'>et</span> <span class='ocrx_word' id='word_1_74' title='bbox 950 1286 999 1345; x_wconf 90' lang='lat' dir='ltr'>via</span> <span class='ocrx_word' id='word_1_75' title='bbox 1018 1285 1182 1346; x_wconf 91' lang='lat' dir='ltr'>communi</span> <span class='ocrx_word' id='word_1_76' title='bbox 1208 1286 1248 1345; x_wconf 91' lang='lat' dir='ltr'>ab</span> <span class='ocrx_word' id='word_1_77' title='bbox 1265 1285 1400 1362; x_wconf 91' lang='lat' dir='ltr'>oriente,</span> <span class='ocrx_word' id='word_1_78' title='bbox 1417 1283 1519 1345; x_wconf 91' lang='lat' dir='ltr'>simul</span> 
     </span>
     <span class='ocr_line' id='line_1_10' title="bbox 251 1389 1517 1473; baseline 0 -22"><span class='ocrx_word' id='word_1_79' title='bbox 251 1412 324 1453; x_wconf 85' lang='lat' dir='ltr'>cum</span> <span class='ocrx_word' id='word_1_80' title='bbox 350 1392 489 1472; x_wconf 87' lang='lat' dir='ltr'>virgulto</span> <span class='ocrx_word' id='word_1_81' title='bbox 515 1392 653 1473; x_wconf 86' lang='lat' dir='ltr'>desuper</span> <span class='ocrx_word' id='word_1_82' title='bbox 677 1407 707 1452; x_wconf 88' lang='lat' dir='ltr'>et</span> <span class='ocrx_word' id='word_1_83' title='bbox 735 1393 847 1452; x_wconf 88' lang='lat' dir='ltr'>subtus</span> <span class='ocrx_word' id='word_1_84' title='bbox 872 1391 1006 1452; x_wconf 90' lang='lat' dir='ltr'>eandem</span> <span class='ocrx_word' id='word_1_85' title='bbox 1032 1391 1158 1452; x_wconf 91' lang='lat' dir='ltr'>vineam</span> <span class='ocrx_word' id='word_1_86' title='bbox 1184 1404 1214 1451; x_wconf 90' lang='lat' dir='ltr'>et</span> <span class='ocrx_word' id='word_1_87' title='bbox 1239 1389 1319 1451; x_wconf 88' lang='lat' dir='ltr'>inlra</span> <span class='ocrx_word' id='word_1_88' title='bbox 1345 1409 1446 1471; x_wconf 89' lang='lat' dir='ltr'>usque</span> <span class='ocrx_word' id='word_1_89' title='bbox 1473 1390 1517 1452; x_wconf 92' lang='lat' dir='ltr'>ri·</span> 
     </span>
     <span class='ocr_line' id='line_1_11' title="bbox 251 1496 1516 1578; baseline 0 -21"><span class='ocrx_word' id='word_1_90' title='bbox 251 1499 361 1558; x_wconf 87' lang='lat' dir='ltr'>valum</span> <span class='ocrx_word' id='word_1_91' title='bbox 387 1518 420 1559; x_wconf 91' lang='lat' dir='ltr'>se</span> <span class='ocrx_word' id='word_1_92' title='bbox 446 1498 703 1578; x_wconf 84' lang='lat' dir='ltr'>protendentem,</span> <span class='ocrx_word' id='word_1_93' title='bbox 737 1497 952 1558; x_wconf 85' lang='lat' dir='ltr'>mediantibus</span> <span class='ocrx_word' id='word_1_94' title='bbox 985 1496 1179 1578; x_wconf 91' lang='lat' dir='ltr'>quibusdam</span> <span class='ocrx_word' id='word_1_95' title='bbox 1214 1497 1382 1557; x_wconf 82' lang='lat' dir='ltr'>arboribus</span> <span class='ocrx_word' id='word_1_96' title='bbox 1413 1508 1516 1557; x_wconf 84' lang='lat' dir='ltr'>meta·</span> 
     </span>
     <span class='ocr_line' id='line_1_12' title="bbox 252 1601 1518 1665; baseline 0 -1"><span class='ocrx_word' id='word_1_97' title='bbox 252 1606 334 1664; x_wconf 91' lang='lat' dir='ltr'>libus</span> <span class='ocrx_word' id='word_1_98' title='bbox 370 1602 659 1665; x_wconf 88' lang='lat' dir='ltr'>inlranominandis</span> <span class='ocrx_word' id='word_1_99' title='bbox 699 1604 781 1664; x_wconf 87' lang='lat' dir='ltr'>inter</span> <span class='ocrx_word' id='word_1_100' title='bbox 827 1602 962 1664; x_wconf 88' lang='lat' dir='ltr'>eandem</span> <span class='ocrx_word' id='word_1_101' title='bbox 996 1603 1123 1664; x_wconf 88' lang='lat' dir='ltr'>vineam</span> <span class='ocrx_word' id='word_1_102' title='bbox 1159 1602 1347 1665; x_wconf 87' lang='lat' dir='ltr'>eorumdem</span> <span class='ocrx_word' id='word_1_103' title='bbox 1385 1601 1518 1664; x_wconf 88' lang='lat' dir='ltr'>Martini</span> 
     </span>
     <span class='ocr_line' id='line_1_13' title="bbox 251 1707 1518 1791; baseline 0 -21"><span class='ocrx_word' id='word_1_104' title='bbox 251 1724 282 1771; x_wconf 95' lang='lat' dir='ltr'>et</span> <span class='ocrx_word' id='word_1_105' title='bbox 307 1710 440 1789; x_wconf 82' lang='lat' dir='ltr'>Agnetis</span> <span class='ocrx_word' id='word_1_106' title='bbox 465 1724 495 1770; x_wconf 92' lang='lat' dir='ltr'>et</span> <span class='ocrx_word' id='word_1_107' title='bbox 520 1707 632 1791; x_wconf 87' lang='lat' dir='ltr'>prelati</span> <span class='ocrx_word' id='word_1_108' title='bbox 659 1708 822 1771; x_wconf 88' lang='lat' dir='ltr'>Valentini</span> <span class='ocrx_word' id='word_1_109' title='bbox 844 1708 994 1789; x_wconf 88' lang='lat' dir='ltr'>agricole,</span> <span class='ocrx_word' id='word_1_110' title='bbox 1019 1728 1036 1769; x_wconf 89' lang='lat' dir='ltr'>a</span> <span class='ocrx_word' id='word_1_111' title='bbox 1061 1708 1203 1789; x_wconf 88' lang='lat' dir='ltr'>quodam</span> <span class='ocrx_word' id='word_1_112' title='bbox 1229 1708 1330 1770; x_wconf 92' lang='lat' dir='ltr'>dumo</span> <span class='ocrx_word' id='word_1_113' title='bbox 1354 1707 1518 1770; x_wconf 86' lang='lat' dir='ltr'>avellana·</span> 
     </span>
     <span class='ocr_line' id='line_1_14' title="bbox 254 1813 1515 1896; baseline 0 -21"><span class='ocrx_word' id='word_1_114' title='bbox 254 1836 323 1876; x_wconf 92' lang='lat' dir='ltr'>rum</span> <span class='ocrx_word' id='word_1_115' title='bbox 351 1816 488 1896; x_wconf 90' lang='lat' dir='ltr'>desupra</span> <span class='ocrx_word' id='word_1_116' title='bbox 513 1836 528 1876; x_wconf 89' lang='lat' dir='ltr'>a</span> <span class='ocrx_word' id='word_1_117' title='bbox 555 1831 643 1896; x_wconf 88' lang='lat' dir='ltr'>parte</span> <span class='ocrx_word' id='word_1_118' title='bbox 661 1815 793 1876; x_wconf 87' lang='lat' dir='ltr'>orientis</span> <span class='ocrx_word' id='word_1_119' title='bbox 811 1815 841 1874; x_wconf 95' lang='lat' dir='ltr'>in</span> <span class='ocrx_word' id='word_1_120' title='bbox 861 1814 979 1876; x_wconf 80' lang='lat' dir='ltr'>l&#39;ossato</span> <span class='ocrx_word' id='word_1_121' title='bbox 1007 1828 1039 1876; x_wconf 91' lang='lat' dir='ltr'>et</span> <span class='ocrx_word' id='word_1_122' title='bbox 1063 1814 1215 1896; x_wconf 86' lang='lat' dir='ltr'>incapite</span> <span class='ocrx_word' id='word_1_123' title='bbox 1239 1814 1384 1878; x_wconf 88' lang='lat' dir='ltr'>eiusdem</span> <span class='ocrx_word' id='word_1_124' title='bbox 1408 1813 1515 1891; x_wconf 88' lang='lat' dir='ltr'>vinee,</span> 
     </span>
     <span class='ocr_line' id='line_1_15' title="bbox 251 1918 1518 2002; baseline -0.002 -19"><span class='ocrx_word' id='word_1_125' title='bbox 251 1937 281 1983; x_wconf 92' lang='lat' dir='ltr'>et</span> <span class='ocrx_word' id='word_1_126' title='bbox 305 1924 344 1983; x_wconf 87' lang='lat' dir='ltr'>ab</span> <span class='ocrx_word' id='word_1_127' title='bbox 369 1922 484 1983; x_wconf 90' lang='lat' dir='ltr'>eodem</span> <span class='ocrx_word' id='word_1_128' title='bbox 510 1922 609 1982; x_wconf 92' lang='lat' dir='ltr'>dumo</span> <span class='ocrx_word' id='word_1_129' title='bbox 634 1921 851 1982; x_wconf 86' lang='lat' dir='ltr'>avellanarum</span> <span class='ocrx_word' id='word_1_130' title='bbox 881 1934 912 1981; x_wconf 91' lang='lat' dir='ltr'>et</span> <span class='ocrx_word' id='word_1_131' title='bbox 945 1919 1063 1983; x_wconf 88' lang='lat' dir='ltr'>fossato</span> <span class='ocrx_word' id='word_1_132' title='bbox 1095 1920 1302 2002; x_wconf 87' lang='lat' dir='ltr'>procedendo</span> <span class='ocrx_word' id='word_1_133' title='bbox 1328 1920 1409 1982; x_wconf 89' lang='lat' dir='ltr'>inter</span> <span class='ocrx_word' id='word_1_134' title='bbox 1434 1918 1518 1981; x_wconf 88' lang='lat' dir='ltr'>vites</span> 
     </span>
     <span class='ocr_line' id='line_1_16' title="bbox 252 2025 1519 2110; baseline -0.002 -21"><span class='ocrx_word' id='word_1_135' title='bbox 252 2027 333 2089; x_wconf 83' lang='lat' dir='ltr'>infra</span> <span class='ocrx_word' id='word_1_136' title='bbox 357 2028 396 2089; x_wconf 92' lang='lat' dir='ltr'>ad</span> <span class='ocrx_word' id='word_1_137' title='bbox 423 2043 544 2110; x_wconf 91' lang='lat' dir='ltr'>partem</span> <span class='ocrx_word' id='word_1_138' title='bbox 571 2028 747 2089; x_wconf 84' lang='lat' dir='ltr'>occidentis</span> <span class='ocrx_word' id='word_1_139' title='bbox 773 2042 802 2088; x_wconf 94' lang='lat' dir='ltr'>et</span> <span class='ocrx_word' id='word_1_140' title='bbox 835 2029 922 2089; x_wconf 91' lang='lat' dir='ltr'>venit</span> <span class='ocrx_word' id='word_1_141' title='bbox 948 2027 987 2089; x_wconf 91' lang='lat' dir='ltr'>ad</span> <span class='ocrx_word' id='word_1_142' title='bbox 1020 2027 1183 2109; x_wconf 90' lang='lat' dir='ltr'>quandam</span> <span class='ocrx_word' id='word_1_143' title='bbox 1207 2028 1354 2089; x_wconf 88' lang='lat' dir='ltr'>arborem</span> <span class='ocrx_word' id='word_1_144' title='bbox 1379 2025 1438 2109; x_wconf 90' lang='lat' dir='ltr'>piri</span> <span class='ocrx_word' id='word_1_145' title='bbox 1463 2026 1519 2087; x_wconf 89' lang='lat' dir='ltr'>sil·</span> 
     </span>
     <span class='ocr_line' id='line_1_17' title="bbox 251 2133 1517 2215; baseline -0.001 -22"><span class='ocrx_word' id='word_1_146' title='bbox 251 2135 362 2195; x_wconf 86' lang='lat' dir='ltr'>vestris</span> <span class='ocrx_word' id='word_1_147' title='bbox 387 2135 417 2195; x_wconf 90' lang='lat' dir='ltr'>in</span> <span class='ocrx_word' id='word_1_148' title='bbox 443 2135 522 2195; x_wconf 90' lang='lat' dir='ltr'>silva</span> <span class='ocrx_word' id='word_1_149' title='bbox 547 2154 646 2215; x_wconf 89' lang='lat' dir='ltr'>prope</span> <span class='ocrx_word' id='word_1_150' title='bbox 671 2134 791 2195; x_wconf 85' lang='lat' dir='ltr'>dictum</span> <span class='ocrx_word' id='word_1_151' title='bbox 818 2149 960 2195; x_wconf 91' lang='lat' dir='ltr'>meatum</span> <span class='ocrx_word' id='word_1_152' title='bbox 993 2153 1075 2215; x_wconf 90' lang='lat' dir='ltr'>aque</span> <span class='ocrx_word' id='word_1_153' title='bbox 1102 2153 1158 2215; x_wconf 92' lang='lat' dir='ltr'>per</span> <span class='ocrx_word' id='word_1_154' title='bbox 1182 2133 1310 2195; x_wconf 90' lang='lat' dir='ltr'>easdem</span> <span class='ocrx_word' id='word_1_155' title='bbox 1334 2147 1440 2215; x_wconf 87' lang='lat' dir='ltr'>partes</span> <span class='ocrx_word' id='word_1_156' title='bbox 1456 2150 1517 2213; x_wconf 91' lang='lat' dir='ltr'>pro</span> 
     </span>
     <span class='ocr_line' id='line_1_18' title="bbox 252 2236 1518 2321; baseline -0.002 -20"><span class='ocrx_word' id='word_1_157' title='bbox 252 2255 334 2302; x_wconf 88' lang='lat' dir='ltr'>meta</span> <span class='ocrx_word' id='word_1_158' title='bbox 368 2241 504 2318; x_wconf 87' lang='lat' dir='ltr'>locatas,</span> <span class='ocrx_word' id='word_1_159' title='bbox 538 2259 662 2301; x_wconf 89' lang='lat' dir='ltr'>necnon</span> <span class='ocrx_word' id='word_1_160' title='bbox 694 2260 710 2300; x_wconf 93' lang='lat' dir='ltr'>a</span> <span class='ocrx_word' id='word_1_161' title='bbox 743 2253 831 2321; x_wconf 92' lang='lat' dir='ltr'>parte</span> <span class='ocrx_word' id='word_1_162' title='bbox 865 2240 1068 2300; x_wconf 83' lang='lat' dir='ltr'>meridionali</span> <span class='ocrx_word' id='word_1_163' title='bbox 1102 2259 1203 2320; x_wconf 88' lang='lat' dir='ltr'>usque</span> <span class='ocrx_word' id='word_1_164' title='bbox 1235 2238 1347 2299; x_wconf 88' lang='lat' dir='ltr'>silvam</span> <span class='ocrx_word' id='word_1_165' title='bbox 1382 2236 1518 2320; x_wconf 85' lang='lat' dir='ltr'>provide</span> 
     </span>
     <span class='ocr_line' id='line_1_19' title="bbox 252 2343 1517 2429; baseline -0.002 -22"><span class='ocrx_word' id='word_1_166' title='bbox 252 2347 395 2407; x_wconf 87' lang='lat' dir='ltr'>mulieris</span> <span class='ocrx_word' id='word_1_167' title='bbox 420 2347 612 2427; x_wconf 78' lang='lat' dir='ltr'>Magdalena</span> <span class='ocrx_word' id='word_1_168' title='bbox 638 2345 702 2407; x_wconf 85' lang='lat' dir='ltr'>filie</span> <span class='ocrx_word' id='word_1_169' title='bbox 726 2345 862 2406; x_wconf 90' lang='lat' dir='ltr'>condam</span> <span class='ocrx_word' id='word_1_170' title='bbox 890 2344 1043 2427; x_wconf 88' lang='lat' dir='ltr'>Gasparis</span> <span class='ocrx_word' id='word_1_171' title='bbox 1069 2344 1126 2406; x_wconf 88' lang='lat' dir='ltr'>lilii</span> <span class='ocrx_word' id='word_1_172' title='bbox 1148 2343 1293 2429; x_wconf 83' lang='lat' dir='ltr'>Myklyni</span> <span class='ocrx_word' id='word_1_173' title='bbox 1318 2343 1443 2423; x_wconf 85' lang='lat' dir='ltr'>judicia,</span> <span class='ocrx_word' id='word_1_174' title='bbox 1468 2362 1517 2405; x_wconf 86' lang='lat' dir='ltr'>te·</span> 
     </span>
     <span class='ocr_line' id='line_1_20' title="bbox 251 2448 1518 2528; baseline -0.002 -16"><span class='ocrx_word' id='word_1_175' title='bbox 251 2452 325 2513; x_wconf 88' lang='lat' dir='ltr'>licte</span> <span class='ocrx_word' id='word_1_176' title='bbox 359 2453 495 2512; x_wconf 91' lang='lat' dir='ltr'>condam</span> <span class='ocrx_word' id='word_1_177' title='bbox 529 2452 645 2512; x_wconf 88' lang='lat' dir='ltr'>lansek</span> <span class='ocrx_word' id='word_1_178' title='bbox 677 2450 852 2528; x_wconf 84' lang='lat' dir='ltr'>carnificis,</span> <span class='ocrx_word' id='word_1_179' title='bbox 883 2471 918 2512; x_wconf 90' lang='lat' dir='ltr'>ac</span> <span class='ocrx_word' id='word_1_180' title='bbox 952 2453 1078 2512; x_wconf 89' lang='lat' dir='ltr'>discreti</span> <span class='ocrx_word' id='word_1_181' title='bbox 1111 2452 1169 2512; x_wconf 93' lang='lat' dir='ltr'>viri</span> <span class='ocrx_word' id='word_1_182' title='bbox 1205 2450 1329 2512; x_wconf 92' lang='lat' dir='ltr'>domini</span> <span class='ocrx_word' id='word_1_183' title='bbox 1361 2448 1518 2511; x_wconf 85' lang='lat' dir='ltr'>lobannis</span> 
     </span>
     <span class='ocr_line' id='line_1_21' title="bbox 252 2555 1516 2639; baseline -0.002 -21"><span class='ocrx_word' id='word_1_184' title='bbox 252 2558 416 2639; x_wconf 90' lang='lat' dir='ltr'>presbiteri</span> <span class='ocrx_word' id='word_1_185' title='bbox 436 2557 491 2619; x_wconf 87' lang='lat' dir='ltr'>lilii</span> <span class='ocrx_word' id='word_1_186' title='bbox 518 2558 661 2619; x_wconf 89' lang='lat' dir='ltr'>annotati</span> <span class='ocrx_word' id='word_1_187' title='bbox 680 2558 815 2618; x_wconf 86' lang='lat' dir='ltr'>condam</span> <span class='ocrx_word' id='word_1_188' title='bbox 843 2557 997 2618; x_wconf 88' lang='lat' dir='ltr'>lobannis</span> <span class='ocrx_word' id='word_1_189' title='bbox 1015 2555 1171 2618; x_wconf 91' lang='lat' dir='ltr'>carnificis</span> <span class='ocrx_word' id='word_1_190' title='bbox 1195 2558 1322 2634; x_wconf 90' lang='lat' dir='ltr'>Jansek,</span> <span class='ocrx_word' id='word_1_191' title='bbox 1347 2575 1384 2617; x_wconf 86' lang='lat' dir='ltr'>ex</span> <span class='ocrx_word' id='word_1_192' title='bbox 1403 2555 1516 2617; x_wconf 86' lang='lat' dir='ltr'>eadem</span> 
     </span>
     <span class='ocr_line' id='line_1_22' title="bbox 253 2660 1517 2745; baseline -0.004 -21"><span class='ocrx_word' id='word_1_193' title='bbox 253 2664 443 2744; x_wconf 89' lang='lat' dir='ltr'>Magdalena</span> <span class='ocrx_word' id='word_1_194' title='bbox 470 2665 640 2745; x_wconf 82' lang='lat' dir='ltr'>progeniti,</span> <span class='ocrx_word' id='word_1_195' title='bbox 673 2679 702 2724; x_wconf 89' lang='lat' dir='ltr'>et</span> <span class='ocrx_word' id='word_1_196' title='bbox 735 2684 836 2745; x_wconf 90' lang='lat' dir='ltr'>usque</span> <span class='ocrx_word' id='word_1_197' title='bbox 870 2665 1049 2736; x_wconf 87' lang='lat' dir='ltr'>predictum</span> <span class='ocrx_word' id='word_1_198' title='bbox 1082 2676 1223 2723; x_wconf 89' lang='lat' dir='ltr'>meatum</span> <span class='ocrx_word' id='word_1_199' title='bbox 1256 2682 1339 2743; x_wconf 87' lang='lat' dir='ltr'>aque</span> <span class='ocrx_word' id='word_1_200' title='bbox 1365 2660 1517 2743; x_wconf 88' lang='lat' dir='ltr'>pluvialis</span> 
     </span>
     <span class='ocr_line' id='line_1_23' title="bbox 251 2766 1515 2852; baseline -0.002 -23"><span class='ocrx_word' id='word_1_201' title='bbox 251 2791 282 2829; x_wconf 90' lang='lat' dir='ltr'>se</span> <span class='ocrx_word' id='word_1_202' title='bbox 309 2769 573 2850; x_wconf 87' lang='lat' dir='ltr'>protendentem,</span> <span class='ocrx_word' id='word_1_203' title='bbox 606 2770 675 2830; x_wconf 92' lang='lat' dir='ltr'>viro</span> <span class='ocrx_word' id='word_1_204' title='bbox 707 2769 844 2850; x_wconf 89' lang='lat' dir='ltr'>provido</span> <span class='ocrx_word' id='word_1_205' title='bbox 877 2770 970 2829; x_wconf 89' lang='lat' dir='ltr'>Petro</span> <span class='ocrx_word' id='word_1_206' title='bbox 1002 2767 1109 2829; x_wconf 91' lang='lat' dir='ltr'>villico</span> <span class='ocrx_word' id='word_1_207' title='bbox 1142 2767 1180 2827; x_wconf 94' lang='lat' dir='ltr'>de</span> <span class='ocrx_word' id='word_1_208' title='bbox 1215 2767 1357 2852; x_wconf 86' lang='lat' dir='ltr'>Dedyclr,</span> <span class='ocrx_word' id='word_1_209' title='bbox 1390 2766 1515 2829; x_wconf 90' lang='lat' dir='ltr'>concivi</span> 
     </span>
     <span class='ocr_line' id='line_1_24' title="bbox 252 2873 1513 2955; baseline -0.001 -21"><span class='ocrx_word' id='word_1_210' title='bbox 252 2890 371 2949; x_wconf 86' lang='lat' dir='ltr'>nostre,</span> <span class='ocrx_word' id='word_1_211' title='bbox 397 2893 431 2934; x_wconf 90' lang='lat' dir='ltr'>ac</span> <span class='ocrx_word' id='word_1_212' title='bbox 456 2894 512 2955; x_wconf 92' lang='lat' dir='ltr'>per</span> <span class='ocrx_word' id='word_1_213' title='bbox 536 2894 610 2935; x_wconf 91' lang='lat' dir='ltr'>eum</span> <span class='ocrx_word' id='word_1_214' title='bbox 635 2875 700 2936; x_wconf 89' lang='lat' dir='ltr'>suis</span> <span class='ocrx_word' id='word_1_215' title='bbox 724 2875 895 2936; x_wconf 88' lang='lat' dir='ltr'>heredibus</span> <span class='ocrx_word' id='word_1_216' title='bbox 920 2894 977 2954; x_wconf 90' lang='lat' dir='ltr'>pro</span> <span class='ocrx_word' id='word_1_217' title='bbox 1012 2873 1151 2934; x_wconf 92' lang='lat' dir='ltr'>sedecim</span> <span class='ocrx_word' id='word_1_218' title='bbox 1177 2874 1283 2955; x_wconf 92' lang='lat' dir='ltr'>pensis</span> <span class='ocrx_word' id='word_1_219' title='bbox 1306 2873 1513 2935; x_wconf 85' lang='lat' dir='ltr'>denariorum</span> 
     </span>
     <span class='ocr_line' id='line_1_25' title="bbox 253 2979 1516 3062; baseline 0 -22"><span class='ocrx_word' id='word_1_220' title='bbox 253 2982 486 3041; x_wconf 83' lang='lat' dir='ltr'>wiennensium</span> <span class='ocrx_word' id='word_1_221' title='bbox 511 3001 567 3062; x_wconf 89' lang='lat' dir='ltr'>per</span> <span class='ocrx_word' id='word_1_222' title='bbox 593 2981 730 3042; x_wconf 89' lang='lat' dir='ltr'>eundem</span> <span class='ocrx_word' id='word_1_223' title='bbox 757 2982 883 3041; x_wconf 75' lang='lat' dir='ltr'>l’etrum</span> <span class='ocrx_word' id='word_1_224' title='bbox 910 2979 1092 3062; x_wconf 89' lang='lat' dir='ltr'>persolutis,</span> <span class='ocrx_word' id='word_1_225' title='bbox 1114 2979 1330 3042; x_wconf 89' lang='lat' dir='ltr'>vendiderunt</span> <span class='ocrx_word' id='word_1_226' title='bbox 1353 2979 1420 3062; x_wconf 85' lang='lat' dir='ltr'>jure</span> <span class='ocrx_word' id='word_1_227' title='bbox 1444 2998 1516 3061; x_wconf 89' lang='lat' dir='ltr'>per·</span> 
     </span>
     <span class='ocr_line' id='line_1_26' title="bbox 253 3085 1516 3169; baseline -0.002 -21"><span class='ocrx_word' id='word_1_228' title='bbox 253 3103 351 3169; x_wconf 89' lang='lat' dir='ltr'>petuo</span> <span class='ocrx_word' id='word_1_229' title='bbox 384 3102 413 3148; x_wconf 91' lang='lat' dir='ltr'>et</span> <span class='ocrx_word' id='word_1_230' title='bbox 448 3088 700 3149; x_wconf 87' lang='lat' dir='ltr'>irrevocabiliter</span> <span class='ocrx_word' id='word_1_231' title='bbox 733 3087 960 3168; x_wconf 88' lang='lat' dir='ltr'>possidendam</span> <span class='ocrx_word' id='word_1_232' title='bbox 994 3101 1025 3148; x_wconf 90' lang='lat' dir='ltr'>et</span> <span class='ocrx_word' id='word_1_233' title='bbox 1056 3086 1142 3166; x_wconf 85' lang='lat' dir='ltr'>juxta</span> <span class='ocrx_word' id='word_1_234' title='bbox 1176 3086 1400 3148; x_wconf 89' lang='lat' dir='ltr'>condicionem</span> <span class='ocrx_word' id='word_1_235' title='bbox 1432 3085 1516 3146; x_wconf 93' lang='lat' dir='ltr'>dicte</span> 
     </span>
     <span class='ocr_line' id='line_1_27' title="bbox 253 3191 1516 3275; baseline -0.001 -22"><span class='ocrx_word' id='word_1_236' title='bbox 253 3195 389 3253; x_wconf 86' lang='lat' dir='ltr'>civitatis</span> <span class='ocrx_word' id='word_1_237' title='bbox 414 3193 723 3273; x_wconf 84' lang='lat' dir='ltr'>quomodocumque</span> <span class='ocrx_word' id='word_1_238' title='bbox 749 3193 887 3253; x_wconf 89' lang='lat' dir='ltr'>voluerit</span> <span class='ocrx_word' id='word_1_239' title='bbox 905 3191 1139 3272; x_wconf 89' lang='lat' dir='ltr'>disponendam</span> <span class='ocrx_word' id='word_1_240' title='bbox 1154 3213 1161 3268; x_wconf 91' lang='grc'><strong>;</strong></span> <span class='ocrx_word' id='word_1_241' title='bbox 1179 3213 1274 3274; x_wconf 90' lang='lat' dir='ltr'>super</span> <span class='ocrx_word' id='word_1_242' title='bbox 1290 3213 1356 3275; x_wconf 86' lang='lat' dir='ltr'>quo</span> <span class='ocrx_word' id='word_1_243' title='bbox 1380 3193 1452 3253; x_wconf 90' lang='lat' dir='ltr'>data</span> <span class='ocrx_word' id='word_1_244' title='bbox 1470 3205 1516 3252; x_wconf 88' lang='lat' dir='ltr'>est</span> 
     </span>
     <span class='ocr_line' id='line_1_28' title="bbox 253 3299 721 3380; baseline -0.004 -20"><span class='ocrx_word' id='word_1_245' title='bbox 253 3300 356 3360; x_wconf 90' lang='lat' dir='ltr'>eidem</span> <span class='ocrx_word' id='word_1_246' title='bbox 384 3299 473 3359; x_wconf 91' lang='lat' dir='ltr'>litera</span> <span class='ocrx_word' id='word_1_247' title='bbox 500 3299 721 3380; x_wconf 88' lang='lat' dir='ltr'>privilegialis.</span> 
     </span>
    </p>
   </div>
   <div class='ocr_carea' id='block_1_3' title="bbox 0 0 1718 5256">
    <p class='ocr_par' dir='ltr' id='par_1_3' title="bbox 0 0 1718 5256">
     <span class='ocr_line' id='line_1_29' title="bbox 0 0 1718 5256; baseline 0 1"><span class='ocrx_word' id='word_1_248' title='bbox 0 0 1718 5256; x_wconf 95' lang='lat' dir='ltr'> </span> 
     </span>
    </p>
   </div>
  </div>
 </body>
</html>
