3428 5256
794 367 942 427 Rationes.
1434 387 1450 429 2
1457 388 1496 450 57

336 579 437 642 Paulo
462 578 559 639 Zakal
578 627 584 640 .
602 628 632 641 ..
656 579 714 642 sol.
739 578 774 641 L.

336 685 465 746 Andree
490 685 578 745 Zabo
597 733 602 746 .
621 733 652 750 ..
678 684 736 747 sol.
763 684 797 746 L.

333 791 471 853 Johanni
496 791 607 872 Bathaj
628 841 634 853 .
655 839 686 856 ..
710 791 769 852 sol.
796 791 831 854 L.

544 1023 601 1083 Ad
628 1022 767 1106 Garyg
792 1022 938 1084 eodem
972 1022 1039 1083 die
1065 1022 1177 1083 misi:

334 1182 476 1264 Georgio
501 1182 707 1266 Zenthkyrali
726 1230 733 1246 .
752 1231 782 1245 ..
805 1182 865 1246 sol.
890 1182 923 1243 10.

333 1288 453 1350 Jacobo
479 1288 596 1349 Posoni
615 1337 621 1350 .
639 1337 669 1350 ..
698 1289 756 1352 sol.
780 1288 814 1351 lc.

335 1394 428 1457 Petro
454 1394 611 1456 Ormandi
631 1444 637 1456 .
655 1444 685 1456 ..
708 1394 766 1457 sol.
792 1395 826 1455 L.

333 1501 471 1563 Johanni
498 1501 601 1585 Sypos
619 1551 625 1562 .
643 1550 672 1563 ..
697 1501 754 1562 sol.
780 1501 813 1562 L.

332 1607 471 1668 Johanni
497 1607 598 1691 Feyer
616 1657 622 1668 .
640 1656 670 1669 ..
694 1607 753 1668 sol.
779 1606 813 1669 L.

333 1711 477 1794 Georgio
502 1713 683 1795 Kapwnalo
701 1761 707 1774 .
725 1760 755 1774 ..
777 1712 836 1775 sol.
862 1712 896 1775 L.

332 1820 409 1881 ltem
435 1821 583 1881 miseram
610 1820 738 1880 Petrum
764 1819 986 1903 Proxenthych
1013 1840 1071 1901 pro
1104 1820 1169 1880 sale
1194 1839 1268 1880 cum
1293 1822 1427 1882 navibus
1452 1821 1491 1881 ad

226 1931 287 1989 sub
313 1927 485 1989 owowcz
510 1941 541 1988 et
565 1946 623 2008 pro
648 1927 795 2008 expensis
819 1925 892 1986 dedi
919 1927 1020 1990 ei...
1044 1926 1103 1988 sol.
1129 1925 1237 1988 LXVI.

333 2051 409 2113 Item
434 2051 580 2131 cingulas
604 2051 667 2111 emi
693 2050 732 2111 ad
757 2069 859 2131 equos
883 2050 1008 2112 domini
1027 2100 1032 2112 .
1050 2100 1080 2113 ..
1103 2051 1162 2112 sol.
1186 2050 1311 2113 XLVII.

332 2158 408 2219 Item
435 2156 548 2218 cordas
572 2158 734 2232 subereas‚
759 2175 839 2236 quas
871 2157 942 2216 misi
976 2157 1178 2237 Zagrabiam‚
1210 2156 1345 2218 emi...
1369 2156 1428 2218 sol.
1453 2156 1492 2217 X.

331 2265 431 2325 Paulo
456 2263 608 2344 curripari
634 2262 780 2323 dedi...
805 2262 863 2324 sol.
886 2262 968 2323 XVI.

331 2370 408 2430 Item
434 2384 506 2450 post
530 2368 645 2430 festum
668 2367 871 2429 iuvenciunis
888 2383 995 2429 sancte
1021 2369 1135 2430 Crucis
1152 2366 1230 2428 feria
1255 2381 1341 2428 sexta
1367 2382 1397 2428 et
1420 2370 1491 2429 sab·

225 2479 299 2538 bato
324 2477 387 2537 euri
412 2477 515 2557 pisces
539 2475 578 2535 ad
603 2489 813 2535 castrum...
838 2474 897 2537 sol.
921 2474 990 2536 XX.

331 2583 408 2644 Item
435 2583 465 2643 in
493 2581 573 2643 festo
599 2582 681 2642 beati
701 2580 834 2641 Ioannis
850 2595 924 2641 ante
942 2580 1090 2641 Latinam
1109 2593 1246 2661 portam,
1264 2578 1378 2641 cordas
1395 2580 1488 2661 equis

224 2688 349 2750 domini
375 2704 406 2751 et
431 2689 620 2768 Zagrabiam
647 2687 757 2747 missas
781 2686 916 2748 emi...
954 2686 1013 2749 sol.
1037 2685 1103 2748 XlL

332 2795 408 2857 ltem
435 2794 515 2856 duas
539 2814 625 2856 seras
648 2793 687 2854 ad
713 2807 850 2855 castrum
876 2793 939 2854 emi
958 2843 964 2854 .
982 2843 1012 2855 ..
1036 2793 1094 2854 sol.
1117 2790 1182 2855 Xil.

333 2902 410 2964 Item
433 2900 510 2962 feria
524 2902 620 2963 tercia
640 2902 670 2961 in
685 2900 766 2962 festo
780 2900 936 2961 Ztanizlai
952 2902 1066 2961 libram
1081 2899 1184 2980 papiri
1199 2899 1261 2958 emi
1280 2950 1285 2961 .
1305 2947 1311 2959 .
1330 2948 1336 2960 .
1353 2899 1412 2962 sol.
1425 2899 1491 2963 Vll.

275 3058 281 3063 v
330 3026 407 3087 item
435 3025 512 3087 feria
537 3026 648 3106 quinta
674 3040 744 3107 post
771 3023 885 3085 festum
904 3024 1083 3085 Zthanizlai
1110 3023 1181 3084 misi
1208 3022 1343 3084 Paulum
1369 3024 1489 3085 Broda-

225 3132 301 3215 tych
327 3132 366 3193 ad
393 3132 626 3213 Posega-zenth
653 3131 755 3204 Peter,
788 3130 892 3191 eidem
926 3151 984 3212 pro
1016 3130 1215 3191 adduccione
1240 3144 1271 3190 et
1295 3129 1487 3192 reduccione

225 3237 368 3321 Capituli
393 3239 467 3299 dedi
493 3239 532 3299 ad
561 3258 787 3320 expensas...
809 3238 867 3300 sol.
891 3236 967 3299 11⁰L.
1266 3315 1269 3318 Α

332 3345 409 3406 ltern
436 3343 512 3406 feria
537 3358 622 3406 sexta
649 3345 749 3406 Paulo
774 3364 909 3426 pugnar,
935 3344 990 3424 qui
1005 3342 1065 3403 fuit
1090 3342 1121 3402 in
1147 3341 1316 3421 Gemlech,
1340 3342 1487 3406 dedi...

225 3448 283 3514 sol.
308 3451 341 3514 l‘.

331 3557 408 3619 ltem
434 3559 548 3619 libram
575 3558 677 3640 papiri
702 3558 764 3618 emi
783 3607 789 3619 .
809 3606 838 3619 ..
862 3557 920 3620 sol.
945 3556 1008 3619 VH.

328 3664 406 3725 Item
432 3664 508 3725 feria
534 3681 646 3745 quarta
668 3678 739 3744 post
755 3664 971 3724 dominicam:
997 3662 1148 3738 Jubitare,
1174 3662 1205 3722 in
1225 3662 1385 3744 lwanych,
1404 3663 1485 3723 Leo·

223 3771 323 3830 nardo
348 3771 482 3852 prediali
509 3772 654 3832 dedi...
679 3772 737 3832 sol.
763 3769 840 3832 11110.

330 3879 451 3939 Jacobo
477 3877 654 3959 Pergarych
673 3927 678 3938 .
697 3927 727 3939 ..
760 3876 819 3938 sol.
844 3876 906 3938 1110.

329 3984 467 4045 Jankoni
494 3984 600 4044 hwzar
618 4035 622 4044 .
641 4033 671 4046 ..
696 3983 754 4045 sol.
778 3983 827 4045 11⁰.

329 4088 405 4152 Item
433 4092 566 4151 sabbato
599 4107 670 4151 ante
704 4091 918 4151 dominicam:
951 4088 1105 4165 Contere,
1137 4089 1265 4150 cuidam
1297 4091 1487 4170 presbitero,

224 4197 278 4278 qui
313 4198 344 4257 in
378 4217 513 4278 persona
547 4196 688 4278 Capituli
722 4197 760 4257 de
795 4196 915 4276 Posega
949 4210 1078 4255 venerat
1102 4196 1141 4256 ad
1175 4195 1255 4257 facta
1287 4196 1411 4257 domini
1451 4216 1486 4257 ex

224 4302 451 4363 commissione
478 4302 599 4363 domini
627 4302 688 4362 emi
715 4320 856 4383 pannum
883 4300 980 4361 medii
1006 4301 1134 4381 parvisii
1154 4350 1159 4361 .
1178 4350 1207 4362 ..
1239 4302 1296 4364 sol.
1321 4300 1384 4363 1110.

332 4425 408 4488 item
443 4440 573 4487 venerat
611 4425 745 4486 Betthak
779 4425 818 4485 de
851 4424 1122 4508 Hrazthoivycza‚
1156 4440 1187 4486 et
1211 4444 1269 4505 pro
1293 4425 1488 4506 quibusdam

225 4530 317 4594 sactis
341 4533 490 4594 miseram
524 4533 563 4593 ad
590 4532 876 4614 Hrazthowyczcm
912 4531 1048 4592 Paulum
1081 4532 1240 4593 literatum
1266 4533 1316 4593 cui
1342 4530 1489 4593 dedi...

223 4639 283 4701 sol.
306 4638 373 4702 Xil.

330 4745 407 4808 ltem
432 4746 464 4806 in
482 4745 636 4806 nundinis
660 4744 816 4807 Zerdshel
833 4741 893 4808 feci
912 4764 966 4824 per
985 4744 1091 4827 Sypek
1116 4763 1222 4805 emere
1246 4741 1393 4825 quinque
1414 4760 1433 4824 p

225 4869 298 4916 cora
322 4851 506 4913 mactabilis
530 4849 666 4913 domino
690 4849 1027 4915 reverendissimo...
1061 4851 1120 4914 sol.
1144 4847 1326 4927 uttexutt.
