3428 5256
328 256 366 316 18
857 254 942 309 Anno
964 260 1054 327 1473.

324 466 523 549 Margarethe
555 465 744 526 mulieribus
777 463 894 525 relictis
925 476 956 523 et
988 462 1131 544 ipsorum
1164 459 1337 523 heredibus
1370 458 1595 521 communiter

323 575 480 637 deservire
506 573 637 646 debeat;
663 572 795 653 ipseque
820 588 932 631 omnes
957 582 1060 650 partes
1088 566 1223 629 eandem
1249 567 1417 629 cisternam
1444 564 1589 647 propriis

323 700 432 744 earum
458 678 640 759 sumptibus
664 690 695 738 et
717 675 863 757 expensis
886 674 952 736 suis
969 674 1169 756 temporibus
1185 673 1335 736 ordinare
1359 686 1390 733 et
1413 669 1588 755 purificare

323 787 536 857 tenebuntur;
561 782 611 843 cui
637 782 709 842 data
734 794 780 841 est
804 781 893 842 litera
919 794 1025 843 nostre
1054 779 1295 841 communitatis
1319 776 1544 860 privilegialis.

430 890 527 963 Quod
552 889 627 970 quia
652 908 710 948 nos
734 900 799 948 tota
817 888 1032 949 communitas
1049 888 1131 947 dicte
1149 886 1287 948 civitatis
1310 884 1407 946 simul
1431 885 1588 947 inunum

323 1000 412 1061 dives
436 1011 467 1059 et
491 1014 624 1077 pauper,
656 995 695 1054 de
728 994 884 1071 unanimi,
916 994 1133 1074 concordique
1172 1005 1279 1053 nostra
1310 990 1476 1053 voluntate
1499 1010 1589 1053 corn·

325 1106 412 1165 muni
447 1118 478 1164 et
512 1122 548 1162 ex
585 1102 690 1181 gracia
725 1115 831 1161 nostra
864 1100 992 1180 speciali
1026 1099 1189 1180 quandam
1221 1098 1410 1179 particulam
1445 1108 1589 1159 nostram

324 1229 530 1271 communem
557 1207 722 1267 cuiusdam
748 1220 829 1266 terre
855 1206 885 1266 in
904 1205 1045 1285 quodam
1070 1206 1142 1266 loco
1160 1219 1268 1265 nostro
1293 1203 1458 1266 communi
1484 1204 1517 1265 in
1544 1204 1591 1265 vi-

326 1319 455 1378 cinitate
481 1315 595 1375 stabuli
621 1333 677 1373 seu
702 1313 784 1373 orrei
812 1332 848 1372 ac
880 1328 1035 1373 terrarum
1060 1312 1231 1373 arabilium
1265 1310 1390 1391 providi
1416 1309 1474 1370 viri
1500 1308 1589 1372 Galli

327 1424 455 1497 sutoris,
480 1419 616 1481 senioris
640 1419 731 1498 jurati
757 1433 787 1479 et
820 1418 960 1478 concivis
992 1419 1089 1478 nostri
1124 1416 1179 1478 filii
1205 1416 1332 1477 Andree
1364 1417 1403 1478 de
1430 1416 1591 1501 owycza

325 1530 434 1603 sitam,
461 1528 491 1585 in
518 1524 721 1605 longitudine
738 1524 939 1604 septuaginta
957 1524 1101 1603 quinque
1131 1522 1259 1584 brachia
1276 1521 1389 1600 lerrea,
1412 1534 1444 1583 et
1468 1522 1499 1582 in
1518 1520 1590 1583 lati·

326 1635 437 1696 tudine
463 1633 598 1712 desuper
623 1652 640 1691 a
665 1645 753 1712 parte
783 1630 975 1691 occidentali
1008 1630 1194 1711 incipiendo
1227 1650 1243 1689 a
1269 1630 1362 1711 plaga
1386 1628 1591 1710 septemtrio·

328 1742 391 1801 nali
417 1740 547 1819 triginta
573 1737 699 1797 brachia
727 1735 838 1811 lerrea,
864 1751 892 1796 et
918 1738 957 1796 ab
983 1737 1095 1797 eadem
1120 1750 1206 1815 parte
1231 1734 1483 1817 septemtrionali
1509 1732 1592 1797 inle-

327 1848 392 1907 tius
416 1868 432 1907 a
459 1846 506 1904 via
533 1844 696 1903 communi
729 1845 769 1902 ab
801 1843 923 1903 oriente
955 1842 1079 1919 hahita,
1111 1862 1146 1903 ac
1176 1864 1192 1903 a
1226 1842 1343 1903 l‘ossato
1375 1841 1522 1902 similiter
1559 1841 1591 1901 in

328 1953 496 2015 latitudine
522 1949 649 2029 triginta
676 1948 820 2028 quinque
847 1948 974 2008 brachia
1001 1947 1100 2009 lerrea
1136 1949 1350 2009 mensurative
1375 1948 1405 2008 in
1431 1966 1465 2008 se
1488 1948 1592 2010 conti·

327 2075 467 2133 nentem,
499 2075 596 2135 seque
629 2053 893 2135 protendentem,
924 2074 982 2129 pro
1016 2074 1073 2113 usu
1106 2074 1164 2115 suo
1198 2070 1226 2114 et
1259 2054 1413 2115 heredum
1451 2071 1587 2115 suorum

329 2167 433 2227 eidem
458 2164 602 2243 graciose
627 2164 746 2241 absque
768 2160 934 2219 solucione
959 2161 1129 2221 cuiuslibet
1146 2180 1259 2221 census
1284 2160 1381 2221 nostri
1407 2158 1594 2221 communis

329 2272 478 2333 dedimus
503 2284 533 2329 ct
558 2267 754 2328 contulimus
779 2266 845 2341 jure
879 2282 1034 2346 perpetuo
1066 2266 1313 2347 possidendam,
1337 2264 1508 2328 tenendam
1534 2283 1592 2346 pa·

332 2380 407 2439 riter
432 2390 460 2437 et
487 2372 686 2445 lrahendam;
711 2372 760 2431 cui
792 2372 863 2431 data
897 2385 943 2432 est
968 2372 1057 2433 litera
1090 2388 1197 2433 nostre
1230 2372 1470 2433 communitatis
1493 2370 1591 2452 privi-

332 2483 465 2563 legialis.

436 2586 532 2660 Quod
564 2587 640 2667 quia
674 2585 720 2645 vir
753 2584 906 2665 providus
938 2598 968 2645 et
1000 2584 1153 2647 honestus
1185 2586 1352 2667 l‘hilippus
1382 2598 1470 2646 sutor
1507 2580 1594 2646 filius

331 2696 503 2757 Stanltonis
528 2694 567 2754 de
593 2693 667 2752 villa
686 2690 927 2767 (Ihn'thlton'cz,
953 2692 1093 2752 concivis
1113 2708 1231 2769 noster,
1256 2713 1291 2753 ac
1317 2692 1450 2773 provida
1475 2691 1594 2752 mulier

330 2802 424 2861 Clam
451 2815 561 2862 vocata
588 2818 718 2859 consors
743 2798 885 2857 eiusdem
915 2798 1065 2879 l'lrilippi,
1099 2799 1328 2883 'l'n'bcltychna
1361 2800 1455 2877 dicta,
1480 2797 1594 2859 vendi·

330 2908 445 2967 derunt
470 2905 631 2986 quandam
659 2905 784 2964 vineam
813 2904 953 2983 ipsorum
980 2905 1009 2963 in
1043 2906 1202 2966 territorio
1236 2922 1345 2966 nostro
1376 2926 1432 2966 seu
1456 2904 1595 2966 civitatis

333 3012 453 3094 prelata
481 3032 515 3072 nc
534 3014 614 3071 inter
640 3011 758 3083 vineas,
780 3012 818 3069 nb
838 3030 910 3083 una,
935 3012 1188 3091 septemtrionali
1209 3026 1294 3092 parte
1320 3012 1449 3073 'l'home
1474 3010 1591 3071 sutoria

332 3134 361 3180 et
387 3118 519 3199 provide
546 3118 688 3177 mulieris
708 3117 883 3197 Elvzalreth
904 3134 1013 3177 vocate
1032 3118 1153 3199 (ilazva
1172 3120 1408 3199 cognnvrtinate,
1434 3118 1593 3179 consortis

332 3225 475 3285 eiusdem
503 3222 630 3283 'l'home
657 3222 784 3296 sutoris,
815 3244 830 3282 a
864 3240 951 3303 parte
986 3244 1060 3282 vern
1094 3225 1296 3285 meridionali
1325 3224 1452 3285 hlartini
1478 3224 1595 3285 sutoris

333 3330 555 3390 inhabitatoris
580 3330 662 3389 dicte
688 3330 823 3389 civitatis
848 3328 987 3389 habitam
1015 3344 1044 3390 et
1067 3332 1265 3401 existentem,
1291 3349 1428 3390 unacum
1454 3328 1594 3409 virgulto

333 3438 438 3497 eidem
470 3436 645 3497 subiacenti
681 3455 716 3494 ae
748 3436 869 3496 cunctis
909 3437 1100 3497 utilitatibus
1133 3437 1292 3497 Clementi
1325 3437 1436 3496 sartori
1470 3434 1593 3496 concivi

333 3558 442 3603 nostro
467 3542 534 3601 lilio
559 3542 684 3601 Nicolai
711 3542 749 3599 de
776 3541 925 3617 Chastna,
950 3563 985 3603 ac
1011 3564 1066 3624 per
1092 3564 1164 3603 enm
1198 3546 1262 3604 suis
1288 3543 1459 3603 heredibus
1483 3542 1593 3601 vendi·

334 3650 452 3709 dissent
478 3648 544 3723 iure
570 3661 725 3727 perpetuo
743 3647 981 3727 possidendam,
1006 3650 1177 3709 tenendam
1197 3651 1313 3729 pariter
1338 3664 1367 3710 et
1393 3648 1593 3722 habendam

334 3754 384 3815 cui
410 3754 482 3815 data
508 3768 553 3813 est
579 3753 668 3812 litera
694 3768 799 3812 nostre
825 3756 1063 3815 communitatis
1088 3756 1304 3837 privilegialis.

440 3859 537 3931 Quml
563 3858 637 3939 quia
663 3858 719 3917 viri
746 3859 870 3937 providi
890 3875 920 3921 ct
938 3860 1061 3921 honesti
1088 3862 1250 3921 lohannes
1268 3862 1460 3941 cingulator,
1483 3860 1591 3920 senior

336 3966 465 4041 iuratus,
490 3980 520 4025 et
545 3964 655 4024 l’etrus
682 3964 791 4023 h'oncz
817 3964 930 4042 dictus,
948 3968 1086 4047 sellipar,
1116 3983 1302 4029 executores
1326 3967 1474 4027 videlicet
1499 3980 1593 4027 testa·

335 4072 433 4131 menri
459 4072 595 4130 condam
623 4070 720 4147 lurgh
747 4072 861 4129 rasoris
878 4092 1057 4153 patrinorum
1087 4091 1115 4133 et
1138 4074 1274 4136 condam
1301 4074 1500 4152 biargaretltc
1520 4092 1593 4133 con·

334 4178 427 4238 sortis
450 4176 606 4251 eiusdem,
639 4174 868 4237 inhabitatores
900 4178 982 4238 dicte
1016 4180 1169 4253 civitatis,
1204 4180 1417 4241 vendiderunt
1449 4180 1595 4252 domum,

335 4282 537 4365 fundumque
562 4298 591 4344 et
616 4280 761 4343 lredilicia
789 4283 844 4341 viri
865 4284 1002 4345 condam
1024 4286 1148 4365 providi
1168 4286 1299 4367 Georgii
1325 4286 1490 4363 carnificis,
1516 4284 1594 4344 olim

335 4390 476 4451 concivis
500 4391 610 4466 nostri,
635 4388 691 4449 lilii
719 4388 837 4451 hlatlrie
865 4390 991 4471 llosvclr
1010 4392 1085 4452 dieti
1112 4391 1150 4452 de
1176 4394 1326 4470 Citasma,
1353 4392 1384 4453 in
1409 4392 1492 4453 dicta
1518 4390 1594 4451 civi-

336 4509 399 4557 tate
422 4516 458 4557 ac
483 4496 565 4558 inter
587 4496 703 4556 domos
734 4510 765 4557 et
798 4494 925 4573 landos,
958 4500 997 4557 ab
1031 4517 1104 4571 una,
1138 4499 1317 4559 Clementis
1344 4500 1482 4573 sartoris,
1508 4510 1595 4579 parte

336 4620 413 4663 vero
436 4602 488 4683 (ab
522 4602 632 4683 altera)
666 4602 810 4685 llyonisii
844 4600 1011 4683 Zernchyn
1044 4602 1118 4664 dicti
1152 4603 1299 4666 similiter
1330 4604 1511 4666 concivium
1538 4622 1595 4663 no-

339 4722 477 4772 strorum
503 4708 645 4771 habitant
670 4722 700 4771 et
718 4709 919 4789 existentem,
942 4708 1082 4771 mediam
1100 4712 1221 4773 curiam
1238 4710 1278 4771 ad
1296 4728 1388 4773 usum
1413 4712 1497 4775 dicte
1520 4710 1597 4773 civi·
