3428 5256
227 363 285 438 158
769 362 953 424 Inventaria.

221 576 346 637 rubrica
373 575 576 652 ‹Introitus‹,
600 588 630 636 et
656 576 686 635 in
712 575 774 638 fine
804 576 947 638 eiusdem
981 575 1021 637 de
1054 575 1166 637 eadem
1192 574 1281 636 litera
1306 572 1375 635 finit
1403 572 1488 633 ›dis-

221 681 348 763 cipulus
372 681 403 742 in
428 701 552 743 suamc.

328 786 416 865 Item,
441 806 541 848 unum
560 787 688 850 Missale
713 806 786 849 cum
805 788 992 850 kalendario
1010 802 1041 849 et
1065 787 1254 865 exorcismo,
1279 784 1486 863 indumento,

227 891 470 955 Prelacionibus
494 913 530 955 ac
555 893 688 956 Canone
714 898 754 956 ab
780 910 864 974 ante,
890 909 920 957 et
951 896 1065 978 incipit
1089 915 1162 957 cum
1197 894 1322 956 rubrica
1350 892 1403 954 »In
1430 892 1488 954 ad-

225 1015 322 1062 ventu
348 1001 471 1062 domini
507 1015 599 1079 etc«,
632 1015 662 1062 et
694 1003 725 1062 in
760 1001 822 1063 fine
858 1003 960 1084 prIme
993 1001 1109 1085 pagine
1144 999 1276 1063 secundi
1314 997 1384 1061 folii
1417 997 1488 1061 finit

181 1161 184 1169 .
225 1126 357 1168 »omnes
380 1107 480 1169 sancti
506 1108 607 1186 eius«,
632 1122 662 1170 et
687 1108 718 1169 in
744 1107 806 1170 fine
835 1106 905 1170 finit
943 1109 1137 1170 »clementer
1161 1108 1340 1190 expediat«.
1367 1106 1488 1167 Procu-

222 1227 307 1275 ratus
331 1233 387 1295 per
410 1215 495 1275 bone
521 1214 676 1276 memorie
701 1214 871 1276 dominum
896 1215 1078 1278 Iohannem
1101 1214 1366 1276 archidiaconum
1391 1212 1486 1273 dubi·

222 1338 361 1398 censem,
386 1333 481 1402 prout
506 1320 538 1380 in
564 1319 626 1382 fine
651 1320 794 1382 eiusdem
821 1322 894 1383 libri
920 1335 1061 1403 apparet.

329 1425 417 1504 Item,
442 1445 543 1487 unum
568 1427 655 1487 aliud
675 1428 802 1489 Missale
820 1447 941 1489 novum
960 1448 1032 1490 cum
1052 1428 1251 1506 kalendario,
1277 1425 1486 1510 preambulis,

226 1531 469 1593 Prelacionibus
493 1547 524 1593 et
541 1532 676 1595 Canone
694 1535 734 1595 ab
751 1549 835 1613 ante,
859 1548 889 1596 et
913 1536 1026 1617 incipit
1046 1555 1118 1596 cum
1144 1535 1268 1596 rubrica
1300 1534 1353 1595 »In
1379 1533 1504 1620 domi·-

223 1639 293 1700 nica
318 1640 454 1722 primae,
487 1653 517 1700 et
550 1640 582 1700 in
615 1640 677 1702 fine
709 1642 811 1723 prime
848 1642 964 1724 pagine
1000 1642 1131 1703 secundi
1169 1640 1238 1702 folii
1273 1639 1342 1702 finit
1369 1659 1483 1701 »amen

224 1744 330 1821 dico«,
356 1743 477 1805 habens
502 1745 533 1805 in
552 1743 615 1807 fine
633 1747 832 1827 Sequencias
856 1748 924 1809 sine
942 1762 1028 1826 nota,
1054 1761 1085 1809 et
1109 1745 1178 1808 finit
1202 1747 1283 1808 liber
1308 1746 1347 1808 de
1372 1744 1484 1807 eadem

223 1850 328 1912 littera
356 1852 469 1912 >nobis
494 1851 569 1912 dare
593 1852 751 1932 gaudia«,
777 1853 865 1935 quod
885 1854 1024 1932 missale,
1042 1857 1126 1916 bone
1152 1853 1309 1915 memorie
1334 1852 1486 1914 dominus

223 1957 349 2018 Blasius
366 1957 484 2037 legavit
501 1978 558 2039 pro
576 1959 738 2040 prebenda
756 1973 939 2021 sanctorum
957 1960 1076 2023 Cosme
1090 1974 1120 2022 et
1138 1959 1286 2021 Damiani
1307 1958 1485 2020 martirum.

328 2064 416 2141 Item,
441 2065 523 2126 liber
547 2066 578 2126 in
597 2085 662 2146 quo
685 2067 891 2129 continentur
908 2068 1048 2148 quedam
1066 2067 1243 2147 ewangelia
1262 2079 1293 2127 et
1310 2065 1485 2146 passiones,

223 2183 253 2230 et
270 2169 382 2251 incipit
406 2170 438 2230 in
463 2171 588 2232 rubrica
618 2172 809 2235 ›Dominica
833 2174 935 2256 prima
954 2175 985 2234 in
1007 2173 1179 2236 adventu«.
1206 2185 1236 2233 et
1253 2172 1284 2232 in
1302 2169 1365 2233 fine
1383 2170 1484 2252 prime

223 2276 339 2356 pagine
363 2277 495 2338 secundi
520 2277 589 2339 lolii
626 2280 856 2354 »vestiuntur«,
889 2295 919 2341 et
951 2281 983 2340 in
1015 2278 1077 2341 fine
1110 2279 1183 2341 libri
1209 2277 1278 2340 finit
1303 2277 1342 2338 de
1368 2276 1484 2339 eadem

222 2382 326 2443 littera
354 2382 552 2464 »discipulus
577 2385 608 2445 in
634 2405 760 2448 suamc.

330 2488 418 2566 Item,
444 2490 609 2570 quoddam
636 2492 762 2553 Missale
788 2511 860 2553 cum
878 2492 1067 2553 kalendario
1092 2506 1123 2552 et
1143 2490 1385 2552 Prefaci0nibus
1410 2489 1478 2549 sine

225 2596 320 2672 notis,
345 2595 499 2657 habensa
524 2611 668 2679 tempore
694 2618 794 2679 usque
812 2596 927 2661 festum
947 2600 1043 2662 Pasce
1068 2599 1189 2676 missas,
1214 2598 1299 2658 etin
1325 2595 1389 2658 fine
1407 2595 1480 2656 libri

223 2701 261 2761 de
286 2702 398 2763 eadem
417 2722 514 2764 manu
540 2702 609 2765 finit
626 2705 657 2764 In
679 2706 830 2767 oracione
852 2705 1026 2786 »Spiritum
1045 2705 1138 2766 nobis
1155 2704 1318 2765 domine‹.
1338 2702 1383 2782 (In
1402 2721 1484 2763 mar·

222 2809 316 2888 gine:
342 2810 372 2868 In
399 2810 531 2870 ecclesia
556 2812 702 2872 omnium
727 2827 910 2873 sanctorum
936 2811 1003 2874 lore
1029 2813 1161 2873 existere
1186 2809 1358 2888 asseritur.)

329 2915 418 2993 Item,
443 2917 523 2977 liber
548 2917 578 2976 in
598 2937 663 2998 quo
686 2919 890 2979 contInentur
907 2919 1084 2998 ewangelio
1109 2932 1139 2978 et
1157 2918 1290 2999 epistole
1308 2935 1363 2999 per
1379 2928 1484 2976 totum

222 3041 354 3099 annum,
379 3037 409 3082 et
427 3023 538 3102 incipit
555 3043 626 3084 cum
653 3026 777 3086 rubrica
805 3026 994 3086 »Dominica
1014 3026 1115 3106 prima
1142 3024 1171 3084 in
1198 3023 1371 3099 adventu«,
1397 3035 1427 3083 et
1452 3021 1483 3082 iu

223 3127 285 3189 fine
310 3129 411 3209 prime
437 3131 552 3209 pagine
577 3131 709 3191 secundi
735 3131 803 3192 lolii
822 3130 891 3192 finit
919 3132 1058 3214 »Egiptii
1076 3130 1194 3209 addo«,
1220 3131 1299 3192 etin
1325 3129 1388 3190 fine
1410 3127 1484 3189 libri

224 3233 292 3295 finit
320 3235 392 3315 »qui
419 3250 522 3316 potest
547 3256 671 3316 capere,
696 3239 831 3318 capiate.

331 3341 420 3418 Item,
446 3360 544 3402 unum
563 3342 793 3404 Collectarium
820 3365 876 3426 per
892 3358 995 3406 totum
1017 3364 1136 3405 annum
1155 3344 1195 3404 de
1213 3345 1344 3424 antiqua
1369 3341 1485 3418 littera,

223 3461 410 3528 coopertum
436 3448 474 3507 de
493 3468 586 3509 coreo
605 3452 704 3510 rubeo
730 3465 759 3510 et
777 3451 888 3531 incipit
915 3452 1041 3512 »Presta
1060 3451 1190 3511 domine
1214 3449 1364 3511 fidelibus
1388 3447 1485 3527 tuis«,

225 3553 344 3613 habens
369 3555 399 3615 in
424 3553 486 3614 fine
512 3555 758 3617 benedicciones
781 3557 955 3636 generales.

330 3660 417 3737 Item,
443 3659 673 3722 Collectarium
700 3681 797 3722 unum
832 3664 1011 3744 antIquum,
1044 3677 1074 3724 et
1107 3663 1218 3743 incipit
1250 3682 1322 3723 curn
1358 3659 1485 3721 rubrica

227 3766 376 3826 »ecclesie
401 3767 504 3828 scola:
532 3767 696 3829 Confirma
722 3769 781 3829 hoc
807 3769 918 3845 deus«,
944 3785 973 3829 et
1004 3771 1034 3829 in
1061 3768 1122 3831 fine
1156 3769 1226 3830 libri
1261 3766 1329 3828 finit
1358 3766 1483 3827 ›anIme

225 3887 255 3932 et
279 3873 454 3953 corporis«.

329 3978 416 4055 Item,
442 3999 540 4041 unum
561 3981 721 4059 Manuale,
738 3983 825 4063 quod
844 3983 956 4064 incipit
972 4001 1044 4043 curn
1063 3983 1186 4042 rubrica
1208 3981 1368 4055 »Quando
1387 3979 1482 4040 missa

223 4083 257 4145 fit
281 4104 353 4144 cum
378 4086 650 4167 sollempnitate«,
677 4103 707 4148 et
731 4089 762 4148 in
788 4087 849 4150 fine
879 4089 980 4170 prime
1014 4089 1128 4169 pagine
1163 4086 1293 4147 secundi
1320 4085 1390 4146 folii
1415 4081 1485 4146 finit

227 4191 345 4268 »salvo,
378 4192 464 4271 quod
499 4190 578 4253 infra
612 4193 823 4272 dominicas«,
857 4208 887 4256 et
917 4196 947 4254 in
981 4193 1043 4254 fine
1076 4192 1145 4254 finit
1178 4192 1216 4251 de
1242 4191 1355 4252 eadem
1380 4191 1484 4252 littera

227 4297 284 4357 ›ad
311 4297 368 4357 celi
395 4278 527 4379 palacia.
553 4305 691 4361 Amen«.

331 4402 419 4480 Item,
445 4404 602 4467 Cantuale
628 4421 658 4468 et
680 4407 862 4468 Lectionale
881 4408 970 4466 beate
989 4403 1120 4483 virginis
1138 4420 1210 4462 cum
1230 4415 1315 4479 nota,
1341 4422 1406 4484 quo
1424 4402 1484 4465 uti-

225 4526 295 4569 mut
321 4509 351 4568 In
378 4510 488 4589 primis
513 4512 616 4572 missis
640 4514 731 4574 beate
761 4512 903 4592 virginis.

330 4614 420 4692 Item,
445 4636 527 4676 unus
551 4619 703 4699 antiquus
728 4618 818 4695 liber,
851 4616 1019 4678 continens
1043 4615 1075 4674 in
1100 4632 1132 4674 se
1157 4613 1337 4692 ewangelia
1362 4628 1392 4677 et
1417 4617 1483 4696 epi-

224 4720 321 4782 stolas
344 4740 400 4803 per
423 4722 578 4784 circulum
603 4725 690 4803 anni,
715 4738 745 4786 et
769 4723 881 4805 incipit
903 4739 976 4783 cum
1009 4719 1134 4781 rubrica
1160 4717 1351 4782 ›Dominica
1376 4724 1480 4804 prime

224 4828 256 4890 in
280 4828 419 4890 adventu
444 4828 602 4905 domini«,
626 4845 657 4892 et
681 4831 712 4894 in
738 4830 840 4914 prima
858 4826 973 4911 pagina
997 4823 1128 4886 secundi
1153 4821 1222 4885 folii
1248 4821 1318 4887 finit
1345 4847 1483 4910 ›appro-
