<?xml version="1.0" encoding="UTF-8"?>
<!DOCTYPE html PUBLIC "-//W3C//DTD XHTML 1.0 Transitional//EN"
    "http://www.w3.org/TR/xhtml1/DTD/xhtml1-transitional.dtd">
<html xmlns="http://www.w3.org/1999/xhtml" xml:lang="en" lang="en">
 <head>
  <title>
</title>
<meta http-equiv="Content-Type" content="text/html;charset=utf-8" />
  <meta name='ocr-system' content='tesseract 3.04.00' />
  <meta name='ocr-capabilities' content='ocr_page ocr_carea ocr_par ocr_line ocrx_word'/>
</head>
<body>
  <div class='ocr_page' id='page_1' title='image "./monumentahistor02laszgoog_0075.png"; bbox 0 0 3428 5256; ppageno 0'>
   <div class='ocr_carea' id='block_1_1' title="bbox 511 1303 1191 1407">
    <p class='ocr_par' dir='ltr' id='par_1_1' title="bbox 511 1303 1191 1407">
     <span class='ocr_line' id='line_1_1' title="bbox 511 1303 1191 1407; baseline -0.001 -16"><span class='ocrx_word' id='word_1_1' title='bbox 511 1305 639 1401; x_wconf 83' lang='lat' dir='ltr'>(Anno</span> <span class='ocrx_word' id='word_1_2' title='bbox 668 1303 826 1391; x_wconf 85' lang='lat' dir='ltr'>Domini</span> <span class='ocrx_word' id='word_1_3' title='bbox 853 1303 1191 1407; x_wconf 82' lang='lat' dir='ltr'>MGGGCLXXVI.)</span> 
     </span>
    </p>
   </div>
   <div class='ocr_carea' id='block_1_2' title="bbox 222 1640 1490 2479">
    <p class='ocr_par' dir='ltr' id='par_1_2' title="bbox 224 1640 1487 1742">
     <span class='ocr_line' id='line_1_2' title="bbox 224 1640 1487 1742; baseline 0.003 -27"><span class='ocrx_word' id='word_1_4' title='bbox 224 1641 310 1716; x_wconf 89' lang='lat' dir='ltr'>Item</span> <span class='ocrx_word' id='word_1_5' title='bbox 335 1665 428 1715; x_wconf 92' lang='lat' dir='ltr'>anno</span> <span class='ocrx_word' id='word_1_6' title='bbox 450 1640 592 1716; x_wconf 81' lang='lat' dir='ltr'>Domini</span> <span class='ocrx_word' id='word_1_7' title='bbox 616 1642 803 1716; x_wconf 88' lang='lat' dir='ltr'>millesimo</span> <span class='ocrx_word' id='word_1_8' title='bbox 827 1641 1181 1740; x_wconf 85' lang='lat' dir='ltr'>quadringentesimo</span> <span class='ocrx_word' id='word_1_9' title='bbox 1210 1644 1487 1742; x_wconf 84' lang='lat' dir='ltr'>septuagesimo</span> 
     </span>
    </p>

    <p class='ocr_par' dir='ltr' id='par_1_3' title="bbox 222 1764 1490 1865">
     <span class='ocr_line' id='line_1_3' title="bbox 222 1764 1490 1865; baseline 0.004 -26"><span class='ocrx_word' id='word_1_10' title='bbox 222 1775 339 1851; x_wconf 81' lang='lat' dir='ltr'>sexto,</span> <span class='ocrx_word' id='word_1_11' title='bbox 369 1774 533 1860; x_wconf 88' lang='lat' dir='ltr'>tempore</span> <span class='ocrx_word' id='word_1_12' title='bbox 552 1765 719 1839; x_wconf 87' lang='lat' dir='ltr'>videlieet</span> <span class='ocrx_word' id='word_1_13' title='bbox 742 1764 924 1861; x_wconf 89' lang='lat' dir='ltr'>judicatus</span> <span class='ocrx_word' id='word_1_14' title='bbox 954 1764 1064 1840; x_wconf 83' lang='lat' dir='ltr'>Blasii</span> <span class='ocrx_word' id='word_1_15' title='bbox 1091 1764 1150 1840; x_wconf 88' lang='lat' dir='ltr'>filii</span> <span class='ocrx_word' id='word_1_16' title='bbox 1178 1764 1288 1859; x_wconf 84' lang='lat' dir='ltr'>Petri,</span> <span class='ocrx_word' id='word_1_17' title='bbox 1326 1764 1490 1865; x_wconf 83' lang='lat' dir='ltr'>(judicis)</span> 
     </span>
    </p>

    <p class='ocr_par' dir='ltr' id='par_1_4' title="bbox 223 1882 1489 1991">
     <span class='ocr_line' id='line_1_4' title="bbox 223 1882 1489 1991; baseline 0.004 -29"><span class='ocrx_word' id='word_1_18' title='bbox 223 1882 379 1962; x_wconf 87' lang='lat' dir='ltr'>civitatis</span> <span class='ocrx_word' id='word_1_19' title='bbox 410 1897 613 1986; x_wconf 80' lang='lat' dir='ltr'>prenotate,</span> <span class='ocrx_word' id='word_1_20' title='bbox 636 1912 786 1987; x_wconf 84' lang='lat' dir='ltr'>presens</span> <span class='ocrx_word' id='word_1_21' title='bbox 806 1889 993 1963; x_wconf 87' lang='lat' dir='ltr'>laternum</span> <span class='ocrx_word' id='word_1_22' title='bbox 1014 1898 1072 1963; x_wconf 92' lang='lat' dir='ltr'>est</span> <span class='ocrx_word' id='word_1_23' title='bbox 1092 1888 1226 1965; x_wconf 85' lang='lat' dir='ltr'>factum</span> <span class='ocrx_word' id='word_1_24' title='bbox 1246 1888 1337 1965; x_wconf 86' lang='lat' dir='ltr'>feria</span> <span class='ocrx_word' id='word_1_25' title='bbox 1356 1900 1489 1991; x_wconf 90' lang='lat' dir='ltr'>quarta</span> 
     </span>
    </p>

    <p class='ocr_par' dir='ltr' id='par_1_5' title="bbox 223 2010 1488 2113">
     <span class='ocr_line' id='line_1_5' title="bbox 223 2010 1488 2113; baseline 0.004 -29"><span class='ocrx_word' id='word_1_26' title='bbox 223 2012 383 2110; x_wconf 85' lang='lat' dir='ltr'>proxima</span> <span class='ocrx_word' id='word_1_27' title='bbox 403 2020 487 2087; x_wconf 94' lang='lat' dir='ltr'>ante</span> <span class='ocrx_word' id='word_1_28' title='bbox 517 2010 648 2086; x_wconf 85' lang='lat' dir='ltr'>festum</span> <span class='ocrx_word' id='word_1_29' title='bbox 670 2010 936 2086; x_wconf 82' lang='lat' dir='ltr'>Purificacionis</span> <span class='ocrx_word' id='word_1_30' title='bbox 956 2012 1103 2110; x_wconf 85' lang='lat' dir='ltr'>virginis</span> <span class='ocrx_word' id='word_1_31' title='bbox 1124 2012 1297 2111; x_wconf 87' lang='lat' dir='ltr'>gloriose,</span> <span class='ocrx_word' id='word_1_32' title='bbox 1323 2012 1488 2113; x_wconf 84' lang='lat' dir='ltr'>proxime</span> 
     </span>
    </p>

    <p class='ocr_par' dir='ltr' id='par_1_6' title="bbox 222 2134 1489 2234">
     <span class='ocr_line' id='line_1_6' title="bbox 222 2134 1489 2234; baseline 0.005 -27"><span class='ocrx_word' id='word_1_33' title='bbox 222 2146 419 2221; x_wconf 88' lang='lat' dir='ltr'>uenturum,</span> <span class='ocrx_word' id='word_1_34' title='bbox 450 2158 557 2234; x_wconf 87' lang='lat' dir='ltr'>super</span> <span class='ocrx_word' id='word_1_35' title='bbox 579 2135 840 2233; x_wconf 87' lang='lat' dir='ltr'>registracione</span> <span class='ocrx_word' id='word_1_36' title='bbox 861 2134 1043 2209; x_wconf 91' lang='lat' dir='ltr'>literarum</span> <span class='ocrx_word' id='word_1_37' title='bbox 1062 2135 1334 2234; x_wconf 85' lang='lat' dir='ltr'>privilegialium</span> <span class='ocrx_word' id='word_1_38' title='bbox 1360 2135 1489 2213; x_wconf 90' lang='lat' dir='ltr'>civium</span> 
     </span>
    </p>

    <p class='ocr_par' dir='ltr' id='par_1_7' title="bbox 222 2258 1487 2479">
     <span class='ocr_line' id='line_1_7' title="bbox 222 2258 1487 2356; baseline 0.002 -24"><span class='ocrx_word' id='word_1_39' title='bbox 222 2272 261 2332; x_wconf 95' lang='lat' dir='ltr'>et</span> <span class='ocrx_word' id='word_1_40' title='bbox 289 2258 564 2333; x_wconf 82' lang='lat' dir='ltr'>inhabitatorum</span> <span class='ocrx_word' id='word_1_41' title='bbox 595 2259 750 2333; x_wconf 89' lang='lat' dir='ltr'>ciuitatis</span> <span class='ocrx_word' id='word_1_42' title='bbox 786 2266 990 2356; x_wconf 84' lang='lat' dir='ltr'>prenotate,</span> <span class='ocrx_word' id='word_1_43' title='bbox 1025 2259 1131 2333; x_wconf 93' lang='lat' dir='ltr'>modo</span> <span class='ocrx_word' id='word_1_44' title='bbox 1161 2266 1199 2333; x_wconf 90' lang='lat' dir='ltr'>et</span> <span class='ocrx_word' id='word_1_45' title='bbox 1227 2259 1352 2334; x_wconf 90' lang='lat' dir='ltr'>ordine</span> <span class='ocrx_word' id='word_1_46' title='bbox 1379 2258 1487 2335; x_wconf 88' lang='lat' dir='ltr'>infra·</span> 
     </span>
     <span class='ocr_line' id='line_1_8' title="bbox 761 2382 916 2479; baseline 0.006 -25"><span class='ocrx_word' id='word_1_47' title='bbox 761 2382 916 2479; x_wconf 87' lang='lat' dir='ltr'>scriptis.</span> 
     </span>
    </p>
   </div>
   <div class='ocr_carea' id='block_1_3' title="bbox 223 2632 1480 2863">
    <p class='ocr_par' dir='ltr' id='par_1_8' title="bbox 223 2632 1480 2863">
     <span class='ocr_line' id='line_1_9' title="bbox 223 2632 1480 2724; baseline 0 -18"><span class='ocrx_word' id='word_1_48' title='bbox 223 2634 316 2707; x_wconf 85' lang='lat' dir='ltr'>Ferin</span> <span class='ocrx_word' id='word_1_49' title='bbox 347 2646 471 2724; x_wconf 83' lang='lat' dir='ltr'>quarta</span> <span class='ocrx_word' id='word_1_50' title='bbox 492 2638 646 2723; x_wconf 85' lang='lat' dir='ltr'>proxima</span> <span class='ocrx_word' id='word_1_51' title='bbox 667 2643 745 2704; x_wconf 89' lang='lat' dir='ltr'>ante</span> <span class='ocrx_word' id='word_1_52' title='bbox 773 2634 896 2703; x_wconf 84' lang='lat' dir='ltr'>festum</span> <span class='ocrx_word' id='word_1_53' title='bbox 916 2632 1171 2704; x_wconf 87' lang='lat' dir='ltr'>Purihcacionis</span> <span class='ocrx_word' id='word_1_54' title='bbox 1193 2636 1298 2705; x_wconf 88' lang='lat' dir='ltr'>hlarie</span> <span class='ocrx_word' id='word_1_55' title='bbox 1326 2632 1480 2723; x_wconf 78' lang='lat' dir='ltr'>virginis.</span> 
     </span>
     <span class='ocr_line' id='line_1_10' title="bbox 730 2788 973 2863; baseline 0 -20"><span class='ocrx_word' id='word_1_56' title='bbox 730 2802 791 2863; x_wconf 71' lang='lat'>(31.</span> <span class='ocrx_word' id='word_1_57' title='bbox 809 2788 973 2862; x_wconf 78' lang='lat' dir='ltr'>januarii).</span> 
     </span>
    </p>
   </div>
   <div class='ocr_carea' id='block_1_4' title="bbox 220 2927 1487 4708">
    <p class='ocr_par' dir='ltr' id='par_1_9' title="bbox 220 2927 1487 3648">
     <span class='ocr_line' id='line_1_11' title="bbox 328 2927 1487 3009; baseline 0.002 -20"><span class='ocrx_word' id='word_1_58' title='bbox 328 2929 403 2989; x_wconf 88' lang='lat' dir='ltr'>ltem</span> <span class='ocrx_word' id='word_1_59' title='bbox 429 2930 543 2989; x_wconf 89' lang='lat' dir='ltr'>eodem</span> <span class='ocrx_word' id='word_1_60' title='bbox 570 2929 622 2989; x_wconf 91' lang='lat' dir='ltr'>die</span> <span class='ocrx_word' id='word_1_61' title='bbox 647 2927 723 2989; x_wconf 82' lang='lat' dir='ltr'>feria</span> <span class='ocrx_word' id='word_1_62' title='bbox 757 2944 867 3009; x_wconf 89' lang='lat' dir='ltr'>quarta</span> <span class='ocrx_word' id='word_1_63' title='bbox 902 2928 1055 2988; x_wconf 87' lang='lat' dir='ltr'>discretus</span> <span class='ocrx_word' id='word_1_64' title='bbox 1080 2930 1126 2988; x_wconf 87' lang='lat' dir='ltr'>vir</span> <span class='ocrx_word' id='word_1_65' title='bbox 1160 2928 1297 2989; x_wconf 90' lang='lat' dir='ltr'>condam</span> <span class='ocrx_word' id='word_1_66' title='bbox 1325 2930 1487 2992; x_wconf 73' lang='lat' dir='ltr'>Barnabas</span> 
     </span>
     <span class='ocr_line' id='line_1_12' title="bbox 222 3033 1485 3117; baseline 0.003 -23"><span class='ocrx_word' id='word_1_67' title='bbox 222 3036 375 3115; x_wconf 85' lang='lat' dir='ltr'>presbiter</span> <span class='ocrx_word' id='word_1_68' title='bbox 400 3035 556 3114; x_wconf 88' lang='lat' dir='ltr'>quasdam</span> <span class='ocrx_word' id='word_1_69' title='bbox 582 3050 678 3095; x_wconf 87' lang='lat' dir='ltr'>terras</span> <span class='ocrx_word' id='word_1_70' title='bbox 703 3034 839 3094; x_wconf 89' lang='lat' dir='ltr'>arabiles</span> <span class='ocrx_word' id='word_1_71' title='bbox 864 3033 975 3094; x_wconf 89' lang='lat' dir='ltr'>decem</span> <span class='ocrx_word' id='word_1_72' title='bbox 1002 3034 1052 3094; x_wconf 87' lang='lat' dir='ltr'>vel</span> <span class='ocrx_word' id='word_1_73' title='bbox 1078 3034 1154 3094; x_wconf 89' lang='lat' dir='ltr'>eitra</span> <span class='ocrx_word' id='word_1_74' title='bbox 1180 3034 1281 3096; x_wconf 88' lang='lat' dir='ltr'>dietas</span> <span class='ocrx_word' id='word_1_75' title='bbox 1304 3048 1386 3096; x_wconf 88' lang='lat' dir='ltr'>terre</span> <span class='ocrx_word' id='word_1_76' title='bbox 1411 3054 1485 3117; x_wconf 88' lang='lat' dir='ltr'>pro-</span> 
     </span>
     <span class='ocr_line' id='line_1_13' title="bbox 221 3140 1485 3219; baseline 0.004 -21"><span class='ocrx_word' id='word_1_77' title='bbox 221 3141 294 3203; x_wconf 89' lang='lat' dir='ltr'>vide</span> <span class='ocrx_word' id='word_1_78' title='bbox 320 3142 444 3201; x_wconf 89' lang='lat' dir='ltr'>mulieri</span> <span class='ocrx_word' id='word_1_79' title='bbox 483 3141 613 3201; x_wconf 88' lang='lat' dir='ltr'>domine</span> <span class='ocrx_word' id='word_1_80' title='bbox 644 3142 726 3201; x_wconf 89' lang='lat' dir='ltr'>Nese</span> <span class='ocrx_word' id='word_1_81' title='bbox 754 3140 846 3200; x_wconf 87' lang='lat' dir='ltr'>aliter</span> <span class='ocrx_word' id='word_1_82' title='bbox 879 3146 986 3219; x_wconf 80' lang='lat' dir='ltr'>Agnes</span> <span class='ocrx_word' id='word_1_83' title='bbox 1011 3154 1121 3201; x_wconf 84' lang='lat' dir='ltr'>vocate</span> <span class='ocrx_word' id='word_1_84' title='bbox 1154 3141 1417 3201; x_wconf 86' lang='lat' dir='ltr'>testamentalitet</span> <span class='ocrx_word' id='word_1_85' title='bbox 1440 3141 1485 3204; x_wconf 85' lang='lat' dir='ltr'>le·</span> 
     </span>
     <span class='ocr_line' id='line_1_14' title="bbox 220 3246 1484 3328; baseline 0 -21"><span class='ocrx_word' id='word_1_86' title='bbox 220 3248 307 3327; x_wconf 78' lang='lat' dir='ltr'>gavit</span> <span class='ocrx_word' id='word_1_87' title='bbox 331 3248 431 3308; x_wconf 89' lang='lat' dir='ltr'>sorori</span> <span class='ocrx_word' id='word_1_88' title='bbox 466 3266 521 3307; x_wconf 90' lang='lat' dir='ltr'>seu</span> <span class='ocrx_word' id='word_1_89' title='bbox 554 3246 735 3328; x_wconf 80' lang='lat' dir='ltr'>propinque</span> <span class='ocrx_word' id='word_1_90' title='bbox 768 3266 835 3321; x_wconf 89' lang='lat' dir='ltr'>sue,</span> <span class='ocrx_word' id='word_1_91' title='bbox 870 3246 951 3305; x_wconf 90' lang='lat' dir='ltr'>inter</span> <span class='ocrx_word' id='word_1_92' title='bbox 983 3260 1082 3305; x_wconf 90' lang='lat' dir='ltr'>metas</span> <span class='ocrx_word' id='word_1_93' title='bbox 1116 3265 1213 3327; x_wconf 88' lang='lat' dir='ltr'>penes</span> <span class='ocrx_word' id='word_1_94' title='bbox 1237 3259 1335 3307; x_wconf 89' lang='lat' dir='ltr'>terras</span> <span class='ocrx_word' id='word_1_95' title='bbox 1360 3246 1484 3307; x_wconf 87' lang='lat' dir='ltr'>domini</span> 
     </span>
     <span class='ocr_line' id='line_1_15' title="bbox 222 3353 1484 3435; baseline -0.002 -18"><span class='ocrx_word' id='word_1_96' title='bbox 222 3355 368 3433; x_wconf 75' lang='lat' dir='ltr'>Gregorii</span> <span class='ocrx_word' id='word_1_97' title='bbox 396 3354 435 3415; x_wconf 87' lang='lat' dir='ltr'>de</span> <span class='ocrx_word' id='word_1_98' title='bbox 461 3354 605 3435; x_wconf 78' lang='lat' dir='ltr'>lieznyk,</span> <span class='ocrx_word' id='word_1_99' title='bbox 631 3353 661 3413; x_wconf 91' lang='lat' dir='ltr'>in</span> <span class='ocrx_word' id='word_1_100' title='bbox 679 3353 840 3413; x_wconf 82' lang='lat' dir='ltr'>territorio</span> <span class='ocrx_word' id='word_1_101' title='bbox 864 3371 919 3413; x_wconf 89' lang='lat' dir='ltr'>seu</span> <span class='ocrx_word' id='word_1_102' title='bbox 938 3372 1053 3433; x_wconf 89' lang='lat' dir='ltr'>campo</span> <span class='ocrx_word' id='word_1_103' title='bbox 1084 3367 1204 3431; x_wconf 87' lang='lat' dir='ltr'>nostr0,</span> <span class='ocrx_word' id='word_1_104' title='bbox 1229 3372 1323 3434; x_wconf 87' lang='lat' dir='ltr'>super</span> <span class='ocrx_word' id='word_1_105' title='bbox 1348 3367 1394 3413; x_wconf 87' lang='lat' dir='ltr'>est</span> <span class='ocrx_word' id='word_1_106' title='bbox 1412 3353 1484 3414; x_wconf 88' lang='lat' dir='ltr'>data</span> 
     </span>
     <span class='ocr_line' id='line_1_16' title="bbox 221 3459 1484 3540; baseline -0.001 -19"><span class='ocrx_word' id='word_1_107' title='bbox 221 3462 325 3522; x_wconf 89' lang='lat' dir='ltr'>eidem</span> <span class='ocrx_word' id='word_1_108' title='bbox 351 3461 483 3521; x_wconf 90' lang='lat' dir='ltr'>domine</span> <span class='ocrx_word' id='word_1_109' title='bbox 509 3460 590 3521; x_wconf 82' lang='lat' dir='ltr'>Nese</span> <span class='ocrx_word' id='word_1_110' title='bbox 615 3460 717 3519; x_wconf 90' lang='lat' dir='ltr'>sorori</span> <span class='ocrx_word' id='word_1_111' title='bbox 752 3479 807 3519; x_wconf 89' lang='lat' dir='ltr'>sue</span> <span class='ocrx_word' id='word_1_112' title='bbox 840 3460 929 3520; x_wconf 88' lang='lat' dir='ltr'>litera</span> <span class='ocrx_word' id='word_1_113' title='bbox 962 3459 1171 3540; x_wconf 86' lang='lat' dir='ltr'>privilegialis</span> <span class='ocrx_word' id='word_1_114' title='bbox 1202 3478 1297 3540; x_wconf 87' lang='lat' dir='ltr'>super</span> <span class='ocrx_word' id='word_1_115' title='bbox 1322 3460 1484 3540; x_wconf 78' lang='lat' dir='ltr'>premissis</span> 
     </span>
     <span class='ocr_line' id='line_1_17' title="bbox 220 3565 669 3648; baseline -0.004 -21"><span class='ocrx_word' id='word_1_116' title='bbox 220 3568 279 3627; x_wconf 87' lang='lat' dir='ltr'>sibi</span> <span class='ocrx_word' id='word_1_117' title='bbox 305 3586 431 3647; x_wconf 87' lang='lat' dir='ltr'>semper</span> <span class='ocrx_word' id='word_1_118' title='bbox 456 3565 669 3648; x_wconf 90' lang='lat' dir='ltr'>possidendis.</span> 
     </span>
    </p>

    <p class='ocr_par' dir='ltr' id='par_1_10' title="bbox 220 3670 1483 4389">
     <span class='ocr_line' id='line_1_18' title="bbox 328 3670 1483 3752; baseline -0.001 -19"><span class='ocrx_word' id='word_1_119' title='bbox 328 3672 404 3733; x_wconf 86' lang='lat' dir='ltr'>ltern</span> <span class='ocrx_word' id='word_1_120' title='bbox 431 3672 519 3752; x_wconf 84' lang='lat' dir='ltr'>quod</span> <span class='ocrx_word' id='word_1_121' title='bbox 537 3670 670 3752; x_wconf 88' lang='lat' dir='ltr'>provida</span> <span class='ocrx_word' id='word_1_122' title='bbox 688 3671 804 3731; x_wconf 90' lang='lat' dir='ltr'>mulier</span> <span class='ocrx_word' id='word_1_123' title='bbox 830 3670 996 3731; x_wconf 80' lang='lat' dir='ltr'>Elizabeth</span> <span class='ocrx_word' id='word_1_124' title='bbox 1017 3685 1127 3732; x_wconf 86' lang='lat' dir='ltr'>uocata</span> <span class='ocrx_word' id='word_1_125' title='bbox 1145 3670 1207 3731; x_wconf 88' lang='lat' dir='ltr'>lilia</span> <span class='ocrx_word' id='word_1_126' title='bbox 1227 3670 1363 3731; x_wconf 86' lang='lat' dir='ltr'>condant</span> <span class='ocrx_word' id='word_1_127' title='bbox 1383 3672 1483 3733; x_wconf 83' lang='lat' dir='ltr'>l‘ausa</span> 
     </span>
     <span class='ocr_line' id='line_1_19' title="bbox 221 3775 1483 3859; baseline 0 -21"><span class='ocrx_word' id='word_1_128' title='bbox 221 3778 365 3859; x_wconf 84' lang='lat' dir='ltr'>proxima</span> <span class='ocrx_word' id='word_1_129' title='bbox 392 3793 422 3838; x_wconf 89' lang='lat' dir='ltr'>et</span> <span class='ocrx_word' id='word_1_130' title='bbox 448 3776 607 3837; x_wconf 83' lang='lat' dir='ltr'>fratruelis</span> <span class='ocrx_word' id='word_1_131' title='bbox 637 3776 773 3837; x_wconf 88' lang='lat' dir='ltr'>condam</span> <span class='ocrx_word' id='word_1_132' title='bbox 808 3776 967 3836; x_wconf 76' lang='lat' dir='ltr'>Valentini</span> <span class='ocrx_word' id='word_1_133' title='bbox 1003 3776 1118 3837; x_wconf 88' lang='lat' dir='ltr'>literati</span> <span class='ocrx_word' id='word_1_134' title='bbox 1153 3775 1375 3837; x_wconf 86' lang='lat' dir='ltr'>inhabitatoris</span> <span class='ocrx_word' id='word_1_135' title='bbox 1398 3777 1483 3838; x_wconf 87' lang='lat' dir='ltr'>dicte</span> 
     </span>
     <span class='ocr_line' id='line_1_20' title="bbox 221 3881 1482 3963; baseline 0 -19"><span class='ocrx_word' id='word_1_136' title='bbox 221 3884 368 3961; x_wconf 86' lang='lat' dir='ltr'>civitatis,</span> <span class='ocrx_word' id='word_1_137' title='bbox 395 3883 539 3943; x_wconf 82' lang='lat' dir='ltr'>uendidit</span> <span class='ocrx_word' id='word_1_138' title='bbox 557 3882 719 3963; x_wconf 88' lang='lat' dir='ltr'>quandam</span> <span class='ocrx_word' id='word_1_139' title='bbox 738 3884 877 3959; x_wconf 82' lang='lat' dir='ltr'>vineam,</span> <span class='ocrx_word' id='word_1_140' title='bbox 894 3882 953 3941; x_wconf 89' lang='lat' dir='ltr'>sibi</span> <span class='ocrx_word' id='word_1_141' title='bbox 972 3884 1012 3943; x_wconf 91' lang='lat' dir='ltr'>ab</span> <span class='ocrx_word' id='word_1_142' title='bbox 1038 3882 1107 3963; x_wconf 91' lang='lat' dir='ltr'>ipso</span> <span class='ocrx_word' id='word_1_143' title='bbox 1124 3884 1321 3959; x_wconf 82' lang='lat' dir='ltr'>devolutam,</span> <span class='ocrx_word' id='word_1_144' title='bbox 1340 3881 1482 3963; x_wconf 80' lang='lat' dir='ltr'>Georgio</span> 
     </span>
     <span class='ocr_line' id='line_1_21' title="bbox 221 3988 1481 4072; baseline -0.002 -20"><span class='ocrx_word' id='word_1_145' title='bbox 221 3990 430 4072; x_wconf 74' lang='lat' dir='ltr'>Cuethhoycz</span> <span class='ocrx_word' id='word_1_146' title='bbox 455 3990 494 4051; x_wconf 90' lang='lat' dir='ltr'>de</span> <span class='ocrx_word' id='word_1_147' title='bbox 520 3989 686 4049; x_wconf 74' lang='lat' dir='ltr'>Cralou&#39;cz</span> <span class='ocrx_word' id='word_1_148' title='bbox 711 4007 769 4070; x_wconf 92' lang='lat' dir='ltr'>pro</span> <span class='ocrx_word' id='word_1_149' title='bbox 797 4004 918 4069; x_wconf 88' lang='lat' dir='ltr'>septem</span> <span class='ocrx_word' id='word_1_150' title='bbox 952 3988 1020 4049; x_wconf 88' lang='lat' dir='ltr'>llor.</span> <span class='ocrx_word' id='word_1_151' title='bbox 1045 3990 1124 4065; x_wconf 87' lang='lat' dir='ltr'>auri,</span> <span class='ocrx_word' id='word_1_152' title='bbox 1150 3990 1231 4051; x_wconf 89' lang='lat' dir='ltr'>inter</span> <span class='ocrx_word' id='word_1_153' title='bbox 1255 3988 1381 4049; x_wconf 82' lang='lat' dir='ltr'>vineam</span> <span class='ocrx_word' id='word_1_154' title='bbox 1407 4008 1481 4050; x_wconf 90' lang='lat' dir='ltr'>con·</span> 
     </span>
     <span class='ocr_line' id='line_1_22' title="bbox 220 4094 1481 4158; baseline -0.002 -1"><span class='ocrx_word' id='word_1_155' title='bbox 220 4096 414 4158; x_wconf 89' lang='lat' dir='ltr'>dicionulem</span> <span class='ocrx_word' id='word_1_156' title='bbox 434 4096 610 4157; x_wconf 89' lang='lat' dir='ltr'>liberorum</span> <span class='ocrx_word' id='word_1_157' title='bbox 627 4114 910 4156; x_wconf 84' lang='lat' dir='ltr'>seusuccessorum</span> <span class='ocrx_word' id='word_1_158' title='bbox 936 4096 1073 4156; x_wconf 84' lang='lat' dir='ltr'>condant</span> <span class='ocrx_word' id='word_1_159' title='bbox 1093 4095 1258 4157; x_wconf 83' lang='lat' dir='ltr'>Michaelis</span> <span class='ocrx_word' id='word_1_160' title='bbox 1282 4094 1481 4157; x_wconf 87' lang='lat' dir='ltr'>Coriantiani</span> 
     </span>
     <span class='ocr_line' id='line_1_23' title="bbox 220 4199 1482 4282; baseline -0.002 -18"><span class='ocrx_word' id='word_1_161' title='bbox 220 4222 255 4264; x_wconf 89' lang='lat' dir='ltr'>ac</span> <span class='ocrx_word' id='word_1_162' title='bbox 280 4202 362 4263; x_wconf 88' lang='lat' dir='ltr'>inter</span> <span class='ocrx_word' id='word_1_163' title='bbox 385 4201 498 4263; x_wconf 82' lang='lat' dir='ltr'>siluam</span> <span class='ocrx_word' id='word_1_164' title='bbox 527 4200 696 4281; x_wconf 73' lang='lat' dir='ltr'>lldudyc23</span> <span class='ocrx_word' id='word_1_165' title='bbox 721 4200 770 4260; x_wconf 89' lang='lat' dir='ltr'>cui</span> <span class='ocrx_word' id='word_1_166' title='bbox 796 4201 836 4261; x_wconf 92' lang='lat' dir='ltr'>ad</span> <span class='ocrx_word' id='word_1_167' title='bbox 865 4199 1040 4281; x_wconf 85' lang='lat' dir='ltr'>predictam</span> <span class='ocrx_word' id='word_1_168' title='bbox 1074 4202 1200 4262; x_wconf 86' lang='lat' dir='ltr'>vineam</span> <span class='ocrx_word' id='word_1_169' title='bbox 1225 4202 1311 4263; x_wconf 92' lang='lat' dir='ltr'>dicto</span> <span class='ocrx_word' id='word_1_170' title='bbox 1337 4200 1482 4282; x_wconf 79' lang='lat' dir='ltr'>Georgia</span> 
     </span>
     <span class='ocr_line' id='line_1_24' title="bbox 220 4304 1162 4389; baseline -0.002 -19"><span class='ocrx_word' id='word_1_171' title='bbox 220 4308 292 4370; x_wconf 89' lang='lat' dir='ltr'>data</span> <span class='ocrx_word' id='word_1_172' title='bbox 316 4322 363 4370; x_wconf 87' lang='lat' dir='ltr'>est</span> <span class='ocrx_word' id='word_1_173' title='bbox 388 4308 477 4369; x_wconf 89' lang='lat' dir='ltr'>litera</span> <span class='ocrx_word' id='word_1_174' title='bbox 503 4304 712 4389; x_wconf 82' lang='lat' dir='ltr'>privilegialis</span> <span class='ocrx_word' id='word_1_175' title='bbox 732 4324 827 4387; x_wconf 86' lang='lat' dir='ltr'>super</span> <span class='ocrx_word' id='word_1_176' title='bbox 852 4306 1012 4387; x_wconf 84' lang='lat' dir='ltr'>premissis</span> <span class='ocrx_word' id='word_1_177' title='bbox 1036 4326 1162 4369; x_wconf 90' lang='lat' dir='ltr'>sonans.</span> 
     </span>
    </p>

    <p class='ocr_par' dir='ltr' id='par_1_11' title="bbox 220 4410 1482 4708">
     <span class='ocr_line' id='line_1_25' title="bbox 326 4410 1481 4495; baseline 0.002 -24"><span class='ocrx_word' id='word_1_178' title='bbox 326 4414 424 4487; x_wconf 90' lang='lat' dir='ltr'>Quod</span> <span class='ocrx_word' id='word_1_179' title='bbox 442 4414 518 4495; x_wconf 87' lang='lat' dir='ltr'>quia</span> <span class='ocrx_word' id='word_1_180' title='bbox 537 4412 691 4494; x_wconf 86' lang='lat' dir='ltr'>providus</span> <span class='ocrx_word' id='word_1_181' title='bbox 717 4411 763 4470; x_wconf 80' lang='lat' dir='ltr'>sir</span> <span class='ocrx_word' id='word_1_182' title='bbox 781 4412 933 4472; x_wconf 85' lang='lat' dir='ltr'>Clemens</span> <span class='ocrx_word' id='word_1_183' title='bbox 950 4410 1074 4493; x_wconf 74' lang='lat' dir='ltr'>Gulycz</span> <span class='ocrx_word' id='word_1_184' title='bbox 1091 4412 1195 4474; x_wconf 76' lang='lat' dir='ltr'>dictus</span> <span class='ocrx_word' id='word_1_185' title='bbox 1219 4412 1364 4474; x_wconf 89' lang='lat' dir='ltr'>vendidit</span> <span class='ocrx_word' id='word_1_186' title='bbox 1381 4432 1481 4495; x_wconf 89' lang='lat' dir='ltr'>quan·</span> 
     </span>
     <span class='ocr_line' id='line_1_26' title="bbox 220 4516 1482 4581; baseline -0.002 -1"><span class='ocrx_word' id='word_1_187' title='bbox 220 4520 295 4581; x_wconf 88' lang='lat' dir='ltr'>datn</span> <span class='ocrx_word' id='word_1_188' title='bbox 327 4521 454 4581; x_wconf 82' lang='lat' dir='ltr'>vineant</span> <span class='ocrx_word' id='word_1_189' title='bbox 485 4538 575 4581; x_wconf 86' lang='lat' dir='ltr'>suam</span> <span class='ocrx_word' id='word_1_190' title='bbox 610 4516 833 4578; x_wconf 86' lang='lat' dir='ltr'>hereditarium</span> <span class='ocrx_word' id='word_1_191' title='bbox 867 4518 898 4577; x_wconf 90' lang='lat' dir='ltr'>in</span> <span class='ocrx_word' id='word_1_192' title='bbox 930 4520 1090 4579; x_wconf 85' lang='lat' dir='ltr'>territorio</span> <span class='ocrx_word' id='word_1_193' title='bbox 1124 4532 1233 4579; x_wconf 87' lang='lat' dir='ltr'>nostro</span> <span class='ocrx_word' id='word_1_194' title='bbox 1264 4538 1320 4579; x_wconf 84' lang='lat' dir='ltr'>seu</span> <span class='ocrx_word' id='word_1_195' title='bbox 1345 4518 1482 4579; x_wconf 87' lang='lat' dir='ltr'>civitatis</span> 
     </span>
     <span class='ocr_line' id='line_1_27' title="bbox 220 4621 1480 4708; baseline -0.002 -20"><span class='ocrx_word' id='word_1_196' title='bbox 220 4622 341 4708; x_wconf 79' lang='lat' dir='ltr'>prefate</span> <span class='ocrx_word' id='word_1_197' title='bbox 365 4644 463 4707; x_wconf 82' lang='lat' dir='ltr'>penes</span> <span class='ocrx_word' id='word_1_198' title='bbox 486 4626 614 4687; x_wconf 82' lang='lat' dir='ltr'>vincam</span> <span class='ocrx_word' id='word_1_199' title='bbox 639 4623 804 4685; x_wconf 81' lang='lat' dir='ltr'>kalendini</span> <span class='ocrx_word' id='word_1_200' title='bbox 830 4621 1098 4685; x_wconf 82' lang='lat' dir='ltr'>confraternitatis</span> <span class='ocrx_word' id='word_1_201' title='bbox 1121 4624 1334 4705; x_wconf 80' lang='lat' dir='ltr'>agricolarum</span> <span class='ocrx_word' id='word_1_202' title='bbox 1359 4644 1395 4686; x_wconf 92' lang='lat' dir='ltr'>ac</span> <span class='ocrx_word' id='word_1_203' title='bbox 1419 4624 1480 4685; x_wconf 87' lang='lat' dir='ltr'>cit-</span> 
     </span>
    </p>
   </div>
   <div class='ocr_carea' id='block_1_5' title="bbox 220 4729 1480 4817">
    <p class='ocr_par' dir='ltr' id='par_1_12' title="bbox 220 4729 1480 4817">
     <span class='ocr_line' id='line_1_28' title="bbox 220 4729 1480 4817; baseline -0.001 -18"><span class='ocrx_word' id='word_1_204' title='bbox 220 4732 447 4801; x_wconf 83' lang='lat' dir='ltr'>cumvallatam</span> <span class='ocrx_word' id='word_1_205' title='bbox 471 4732 523 4801; x_wconf 85' lang='lat' dir='ltr'>uia</span> <span class='ocrx_word' id='word_1_206' title='bbox 546 4730 712 4797; x_wconf 85' lang='lat' dir='ltr'>communi</span> <span class='ocrx_word' id='word_1_207' title='bbox 737 4732 777 4795; x_wconf 87' lang='lat' dir='ltr'>ab</span> <span class='ocrx_word' id='word_1_208' title='bbox 802 4730 965 4815; x_wconf 87' lang='lat' dir='ltr'>undique,</span> <span class='ocrx_word' id='word_1_209' title='bbox 988 4732 1084 4795; x_wconf 85' lang='lat' dir='ltr'>simul</span> <span class='ocrx_word' id='word_1_210' title='bbox 1110 4750 1181 4795; x_wconf 89' lang='lat' dir='ltr'>cum</span> <span class='ocrx_word' id='word_1_211' title='bbox 1207 4729 1348 4817; x_wconf 84' lang='lat' dir='ltr'>quadam</span> <span class='ocrx_word' id='word_1_212' title='bbox 1373 4730 1480 4799; x_wconf 72' lang='lat' dir='ltr'>vacui·</span> 
     </span>
    </p>
   </div>
   <div class='ocr_carea' id='block_1_6' title="bbox 0 0 1718 5256">
    <p class='ocr_par' dir='ltr' id='par_1_13' title="bbox 0 0 1718 5256">
     <span class='ocr_line' id='line_1_29' title="bbox 0 0 1718 5256; baseline 0 2"><span class='ocrx_word' id='word_1_213' title='bbox 0 0 1718 5256; x_wconf 95' lang='lat' dir='ltr'> </span> 
     </span>
    </p>
   </div>
  </div>
 </body>
</html>
