3428 5256
768 329 951 392 luventatis.

341 539 509 602 Secundus
532 555 663 603 ornatus
687 540 727 602 ad
752 561 839 604 aram
865 543 904 604 de
938 543 1161 624 rothltamulta,
1188 550 1318 610 rubeus.

339 645 476 707 Tercius
499 661 631 709 ornatus
655 648 747 710 rubei
772 662 803 709 et
825 648 918 714 flavei
944 651 1072 731 coloris,
1096 653 1242 735 simplex.

341 752 418 815 ltem
444 773 545 816 unum
572 754 748 816 linteamen
772 755 848 817 satis
873 775 1025 838 magnum
1051 773 1081 820 et
1106 761 1239 824 bonum.

338 858 416 921 ltem
443 880 542 922 unum
569 863 712 924 mensale
736 881 794 945 pro
819 865 1044 945 cooperiendis
1068 867 1279 930 candelabris.

340 965 423 1028 Octo
448 968 564 1028 cussini
589 969 818 1050 superaltaria
843 971 997 1052 ponendi.

340 1071 411 1134 Una
436 1073 544 1134 ladula
569 1093 642 1136 cum
666 1074 812 1155 reliquiis
836 1075 978 1156 impleta.

339 1178 448 1241 Unum
475 1180 602 1242 Missale
628 1181 659 1241 in
685 1182 797 1263 papiro
823 1181 1025 1263 impressum.

339 1284 412 1347 Duo
437 1286 579 1348 Missalia
604 1287 636 1348 in
657 1306 869 1369 pergameno,
895 1289 1036 1369 antiqua.

339 1391 612 1474 Antiphonarium
637 1407 669 1455 et
693 1391 856 1456 Gradusle
891 1394 923 1455 in
949 1414 1156 1476 pargameno‚
1181 1399 1324 1480 antiqua.

338 1498 538 1563 Brevisriutn
563 1501 701 1563 condam
727 1500 831 1562 fratris
855 1500 966 1562 Jacobi
992 1502 1183 1584 impressum
1208 1504 1240 1565 in
1265 1506 1388 1586 papiro.

339 1605 448 1668 Unum
474 1608 601 1669 Missale
626 1627 760 1689 parvum
786 1608 818 1668 in
843 1607 968 1690 papiro.

341 1711 538 1775 Breviarium
564 1727 594 1774 et
618 1714 765 1795 psalteria
791 1714 887 1775 simul
913 1714 1032 1775 nullius
1058 1715 1203 1776 utilitatis
1227 1730 1310 1781 octo.

335 1818 413 1881 ltem
438 1839 538 1880 unum
565 1820 693 1880 Missale
718 1820 749 1880 in
774 1821 887 1902 papiro
912 1839 977 1881 non
1002 1822 1208 1903 completum.

335 1923 407 1987 Una
433 1926 540 1987 ladula
565 1926 702 1988 condam
728 1925 833 1987 fratris
861 1927 982 1988 Jacobi.

333 2032 472 2105 Qattuor
495 2033 686 2095 candelabra
712 2031 824 2111 ferrea,
850 2052 976 2114 magna.

338 2138 446 2201 Unum
471 2139 623 2201 scrinium
648 2155 739 2200 vetus
757 2139 786 2200 in
815 2139 967 2202 sacristia.

337 2244 446 2308 Unum
472 2247 643 2307 armarium
669 2246 800 2308 ibidem.

336 2353 460 2415 Ladule
483 2373 580 2436 parve
605 2366 729 2415 veteres
753 2353 816 2415 due
841 2353 909 2414 sine
934 2354 1090 2417 clavibus.

335 2459 463 2542 Cuprea
487 2460 651 2522 thuribula
677 2460 753 2522 duo.

335 2565 444 2628 Unum
470 2567 633 2628 humerale
658 2586 730 2630 cum
756 2587 835 2628 auro
867 2582 999 2646 textum,
1032 2587 1164 2645 novum,
1197 2567 1292 2629 habet
1318 2569 1491 2649 imaginem

230 2670 415 2735 Salvatoris.

333 2778 411 2839 ltem
436 2778 601 2860 thapetum
626 2779 795 2860 antiquum
820 2799 931 2841 unum.

336 2886 457 2947 Ladula
483 2905 545 2947 una
570 2905 666 2966 quam
693 2887 830 2948 restituit
855 2886 1006 2947 dominus
1031 2886 1184 2949 Rradach.

334 2993 453 3056 Omnia
493 2993 561 3074 jura
598 2993 697 3074 ipsius
733 2992 866 3053 ecclesie
905 2993 935 3053 in
969 2992 1109 3073 quadam
1142 2992 1251 3053 ladula
1288 3012 1383 3073 parva
1420 3011 1492 3052 cum

228 3102 383 3164 clausura.

333 3208 415 3269 Tres
439 3207 574 3288 ligones,
599 3224 679 3286 quas
703 3204 822 3285 legavit
847 3201 1025 3283 Gregorius
1055 3203 1197 3285 Zedyna.

232 3456 331 3518 lura
365 3470 402 3517 et
435 3456 629 3518 literalia
663 3455 948 3515 instrumenta
983 3452 1119 3534 ipsius
1152 3451 1426 3533 prepositure
1452 3451 1490 3511 in

228 3564 443 3644 presripta
477 3561 622 3623 ladula
654 3560 820 3636 habits,
861 3559 995 3621 eidem
1030 3557 1392 3619 reverendissimo
1425 3556 1491 3617 do·

438 3671 549 3730 mino
582 3669 746 3730 Andree
779 3667 983 3750 episcopo
1018 3677 1276 3746 presentata.

332 3830 408 3892 ltem
434 3831 539 3912 primo
564 3829 654 3890 litere
685 3827 941 3889 sentencionales
973 3845 1045 3887 cum
1079 3824 1210 3886 brachio
1240 3821 1374 3884 seculari
1401 3839 1485 3881 sere·

227 3937 361 3998 nissimo
387 3937 521 3998 domino
547 3935 665 3996 Mathis
701 3935 767 4015 regi
794 3932 960 4014 Hungarie
990 3945 1158 4010 sonantes,
1182 3931 1241 3992 sub
1274 3928 1405 3989 nomine
1435 3926 1488 3988 Vi·

226 4044 335 4105 mandi
360 4045 484 4105 abbatis
509 4045 600 4104 beate
633 4042 766 4122 virginis
799 4041 829 4101 in
856 4039 1023 4119 Zagrabia‚
1055 4038 1086 4098 in
1120 4054 1317 4119 pargameno
1342 4046 1487 4117 patenter

225 4149 379 4212 conlecte.

331 4256 477 4318 Secunde
510 4255 601 4316 litere
633 4253 850 4335 privilegiales
889 4271 984 4334 super
1027 4252 1121 4314 certis
1152 4248 1409 4333 possessionibus
1449 4246 1490 4308 sd

224 4365 360 4426 eandem
386 4363 553 4425 ecclesiam
578 4364 670 4423 beate
695 4359 828 4441 virginis
860 4359 1078 4441 spectantibus
1106 4357 1229 4418 domini
1256 4350 1368 4417 Karoli
1391 4353 1487 4435 regis.

330 4470 446 4532 Tercle
471 4470 562 4531 litere
587 4468 719 4551 capituli
738 4465 871 4528 ecclesie
888 4465 1106 4546 zagrabiensis
1131 4482 1227 4546 super
1251 4461 1421 4545 empcione
1440 4460 1489 4521 ln·

224 4578 303 4655 sule,
328 4576 570 4659 privilegialiter
592 4572 747 4637 conferte.

330 4700 451 4776 Quarte
476 4700 566 4762 litere
591 4699 736 4762 eiusdem
754 4697 886 4780 capituli
903 4695 1121 4777 zagrabiensis
1148 4693 1189 4756 de
1206 4692 1283 4754 turri
1308 4691 1394 4754 iuxta
1414 4709 1488 4774 por·

222 4823 411 4889 tamquam
435 4819 572 4890 occupat
595 4802 841 4867 archidiaconus
869 4801 1064 4865 Goricensis.
