3420 5250
501 1367 628 1465 (Anno
656 1366 813 1455 Domini
840 1367 1158 1469 mcccchXVl

762 1584 866 1591 ——-.

184 1700 271 1777 ltem
297 1725 391 1777 anno
412 1700 554 1776 Domini
584 1703 770 1777 millesimo
795 1705 1149 1803 quadringentesimo
1171 1708 1446 1805 septuagesimo

184 1825 317 1923 quinto,
347 1837 512 1923 tempore
551 1826 719 1901 videlicet
750 1826 929 1923 judicatus
955 1828 1125 1929 Johannis
1164 1828 1222 1904 filii
1263 1830 1445 1906 Michaelis

184 1947 345 2045 (judicis)
358 1949 512 2024 civitatis
532 1959 738 2049 prenotate,
760 1975 909 2049 presens
931 1961 1112 2027 caternum
1135 1953 1335 2029 estfactum
1357 1954 1448 2030 feria

182 2073 297 2147 tercia
338 2074 502 2173 proxima
540 2082 623 2148 ante
658 2074 789 2148 festum
832 2075 1098 2152 Purificacionis
1142 2079 1288 2176 virginis
1331 2077 1446 2154 llllarie

183 2197 343 2294 proxime
376 2205 573 2287 venturum,
603 2220 711 2294 super
740 2199 1003 2295 registracione
1033 2201 1214 2275 literarum
1244 2203 1445 2300 privilegia-

183 2319 264 2394 liom
303 2321 427 2395 civium
458 2329 496 2394 et
533 2320 808 2395 inhabitatorum
849 2322 1004 2398 civitatis
1038 2332 1241 2422 prenotate,
1272 2326 1379 2400 modo
1409 2336 1448 2401 et

607 2444 730 2518 ordine
759 2445 1007 2545 infrascriptis.

263 2714 357 2786 beria
387 2715 492 2787 tercia
524 2719 678 2804 proxima
708 2725 786 2788 ante
816 2720 938 2789 festum
970 2718 1225 2791 Purificacioois
1258 2721 1373 2791 Marie.

640 2941 650 2959 ⁴
700 2965 763 3033 (31.
780 2960 945 3033 januarii).

288 3097 407 3175 Primo,
433 3098 520 3178 quod
545 3098 700 3159 discretus
724 3099 772 3159 vir
796 3113 827 3160 et
850 3101 976 3180 providi
1002 3101 1061 3161 viri
1086 3101 1237 3162 dominus
1263 3101 1445 3163 Demetrius

183 3203 349 3283 presbiter,
375 3202 489 3264 Gallus
524 3204 679 3265 Kodelicz
713 3205 825 3282 dictus,
858 3206 1003 3266 Andreas
1036 3226 1169 3288 arcupar
1212 3221 1243 3268 et
1268 3207 1442 3269 Katherina

183 3308 291 3370 relicta
316 3309 452 3369 condam
479 3310 535 3370 viri
563 3311 708 3371 similiter
732 3312 857 3392 providi
879 3312 996 3373 blathie
1022 3314 1182 3394 arcuparis
1207 3312 1262 3375 filii
1288 3314 1444 3375 lobannis

183 3413 222 3474 de
246 3415 384 3498 Zynche,
409 3415 557 3476 concives
590 3417 701 3493 nostri,
731 3417 879 3496 legittimi
913 3432 1097 3478 executores
1128 3418 1307 3479 testamenti
1334 3418 1442 3499 scripti

182 3519 325 3579 eiusdem
352 3520 470 3582 Mathie
496 3522 668 3602 arcuparis,
693 3521 772 3583 olim
806 3521 899 3602 jurati
925 3536 956 3585 et
988 3524 1129 3583 concivis
1154 3523 1264 3601 nostri,
1290 3522 1441 3583 vendide-

182 3640 254 3688 runt
277 3628 440 3708 quandam
465 3629 577 3689 silvam
604 3628 747 3691 eiusdem
767 3629 886 3690 Mathie
911 3630 1073 3711 aucuparis
1091 3630 1121 3690 in
1148 3630 1307 3690 territorio
1333 3644 1442 3691 nostro

180 3752 236 3794 seu
260 3733 342 3795 dicte
367 3734 503 3795 civitatis
527 3734 652 3796 Gochel
669 3735 821 3816 apellato,
840 3736 920 3796 inter
936 3735 1049 3796 silvam
1068 3736 1126 3796 viri
1145 3735 1271 3817 providi
1287 3735 1442 3797 Anthonii

179 3839 236 3900 filii
262 3840 390 3901 Thome
416 3841 456 3902 de
480 3841 638 3918 Kloltoch,
671 3843 806 3902 senioris
837 3841 961 3920 judicis,
994 3862 1010 3901 a
1044 3857 1131 3923 parte
1156 3842 1373 3920 meridionali,
1406 3862 1442 3903 ac

180 3945 263 4006 inter
287 3946 412 4007 vineam
447 3961 478 4009 et
507 3948 619 4008 silvam
653 3947 765 4030 prelati
800 3948 937 4009 condam
967 3949 1086 4010 Mathie
1119 3949 1280 4029 arcuparis
1311 3963 1442 4031 aparte

178 4052 431 4133 septemtrionali
456 4053 609 4131 habitam,
634 4054 865 4135 quamquidem
891 4055 1002 4115 silvam
1029 4069 1112 4115 mete
1144 4055 1321 4136 subscripte
1354 4074 1370 4114 a
1396 4057 1442 4116 vi-

178 4158 247 4219 neis
272 4173 302 4220 et
325 4159 413 4221 silvis
451 4161 641 4221 vicinalibus
672 4161 716 4220 sic
749 4176 896 4241 separant
928 4175 958 4221 et
990 4160 1201 4241 distinguunt,
1226 4160 1314 4242 quod
1339 4162 1441 4242 prima

179 4278 263 4326 meta
288 4265 438 4327 videlicet
462 4287 479 4326 a
504 4267 588 4326 dicta
612 4267 691 4326 silva
716 4265 828 4347 prelati
852 4265 1008 4327 Anthonii
1032 4265 1147 4345 judicis
1172 4287 1187 4327 a
1214 4266 1335 4349 prelata
1353 4282 1441 4349 parte

179 4370 382 4432 meridionali
408 4372 477 4449 sita,
504 4373 614 4453 incipit
638 4373 775 4454 desuper
799 4373 921 4433 scilicet
954 4392 970 4432 a
996 4373 1045 4432 via
1078 4374 1118 4432 ab
1143 4374 1307 4434 occidente
1333 4373 1441 4434 habita

179 4490 210 4538 et
233 4477 322 4539 vadit
346 4477 426 4538 infra
452 4478 490 4538 ad
517 4480 676 4540 orientem
703 4499 758 4559 per
790 4493 908 4540 metam
934 4478 1027 4538 vallis
1058 4477 1228 4539 ducentem
1254 4481 1293 4540 ad
1318 4479 1439 4542 iontem

179 4583 209 4644 in
236 4584 306 4666 ipso
330 4599 437 4646 meatu
463 4585 554 4645 vallis
580 4585 736 4664 habitum,
761 4600 790 4645 et
816 4605 871 4667 per
904 4584 1041 4645 rivulum
1076 4585 1219 4646 eiusdem
1247 4584 1345 4646 fontis
1370 4587 1440 4647 des·

178 4688 285 4750 cendit
308 4689 348 4751 ad
373 4690 506 4751 fluvium
526 4692 733 4752 Kuhinschak
750 4706 911 4767 vocatum,
933 4690 1050 4751 deinde
1075 4711 1130 4772 per
1148 4692 1285 4753 eundem
1305 4691 1437 4752 fluvium

179 4794 386 4863 Kobiuschak
404 4797 546 4863 ascendit
558 4797 598 4859 ad
612 4797 729 4861 dictam
742 4797 1035 4883 septemtrionalem
1050 4813 1171 4883 partem
1187 4798 1317 4861 inbono
1331 4798 1438 4882 spacio
