3428 5256
785 363 968 424 Inventam.
1437 381 1500 446 209

341 574 548 655 Sexagesime
572 587 683 655 quarte
709 574 799 635 litere
823 571 956 656 papales
982 588 1134 634 sonantes
1158 573 1387 636 archidiacono
1411 575 1498 637 chas-

235 682 351 759 mensi,
375 680 530 762 plumbeo
555 678 674 759 sigillo.

339 787 544 869 Sexagesime
568 785 680 867 quinte
705 785 796 846 litere
822 783 962 867 Philippi
996 785 1138 868 episcopi
1164 787 1381 866 zagrabiensis
1404 807 1499 870 super

232 893 482 957 confirmacione
508 892 631 974 capelle
656 893 747 953 beate
772 891 908 972 virginis
932 891 972 955 de
997 892 1166 974 Zagrabia.

338 999 544 1081 sexagesime
568 1010 655 1058 sexte
679 996 770 1058 litere
794 995 891 1057 lwani
917 998 1045 1059 comitis
1072 996 1130 1060 filii
1155 996 1282 1060 lrozlaii
1307 1018 1403 1081 super
1427 1000 1497 1080 qui·

232 1107 367 1168 busdam
392 1104 648 1187 possessionibus
672 1104 705 1164 in
729 1103 901 1166 Zamobor.

339 1211 542 1292 Sexagesime
565 1210 701 1291 septime
726 1208 817 1270 litere
841 1209 993 1271 Berhardi
1011 1209 1154 1291 episcopi
1172 1211 1397 1290 zagrabiensis,
1415 1211 1495 1273 duo·

232 1321 290 1379 bus
313 1317 427 1399 sigillis
450 1317 585 1397 signate,
608 1315 682 1377 aule
707 1315 792 1395 regie
819 1315 994 1376 Maiestatis
1018 1315 1158 1396 sumpmi
1184 1315 1364 1379 cancelarii.

339 1423 543 1505 Sexagesime
576 1436 688 1482 octave
721 1421 811 1482 litere
844 1421 928 1483 Petri
960 1421 1090 1483 curialis
1123 1421 1251 1483 comitis
1282 1424 1497 1504 zagrabiensis

230 1542 468 1612 superterram
493 1529 593 1589 sancti
619 1527 741 1588 Jacobi.

335 1635 538 1717 Sexagesime
563 1651 648 1695 none
674 1633 765 1694 litere
787 1631 1006 1715 privilegiales
1024 1632 1149 1693 Nicolai
1175 1632 1318 1716 episcopi
1343 1648 1496 1697 sonantes

229 1741 336 1803 abbati
362 1739 546 1801 monasterii
571 1740 662 1800 beate
687 1737 830 1818 virginis,
854 1736 963 1818 sigillo
988 1737 1144 1818 plumbeo
1168 1738 1304 1819 signate.

337 1845 578 1929 septuagesime
604 1844 694 1906 litere
720 1843 804 1905 Petri
835 1844 876 1904 de
901 1843 1063 1924 Aragonia
1097 1844 1222 1906 abbatis
1245 1846 1337 1906 beate
1362 1845 1495 1925 virginis

229 1975 326 2037 super
351 1953 507 2015 citacione
532 1967 563 2013 et
587 1950 793 2012 interdictum
811 1963 921 2013 contra
938 1949 1097 2030 quosdam
1116 1949 1318 2012 Clementem
1343 1964 1374 2012 et
1392 1949 1493 2013 Geor·

227 2061 330 2141 glum,
355 2060 386 2120 in
411 2059 524 2143 papiro
553 2054 708 2119 conlecte.

335 2165 578 2247 Septuagesime
602 2163 705 2245 ptime
722 2162 814 2224 litere
839 2162 972 2224 Roberti
996 2161 1032 2223 D.
1053 2161 1092 2223 l).
1109 2161 1254 2240 minoris,
1278 2182 1334 2244 per
1358 2163 1491 2225 modum

227 2286 408 2333 crtacronrs.

332 2377 576 2461 Septuagesime
600 2374 740 2437 secunde
773 2374 862 2436 litere
895 2373 1059 2436 Valentini
1092 2372 1148 2436 filii
1184 2373 1351 2437 Michaelis
1376 2375 1492 2457 judicia

225 2505 321 2566 super
345 2485 484 2565 quadam
510 2482 712 2564 possessione
737 2495 768 2544 et
792 2482 896 2543 vinea.

331 2590 575 2673 Septuagesime
599 2589 696 2650 tercie
722 2588 813 2649 litere
838 2588 870 2648 in
893 2587 1006 2670 papiro
1034 2587 1134 2667 longo
1159 2585 1315 2666 confecte,
1338 2602 1491 2651 sonantes

224 2697 366 2778 capitulo
392 2694 603 2779 zagrabiensi.

330 2803 575 2884 Septuagesime
608 2813 719 2881 quarte
752 2800 843 2861 litere
873 2795 1002 2862 Nicolai
1037 2798 1162 2859 abbatis
1193 2818 1290 2880 super
1321 2799 1488 2881 quoddam

111 2898 115 2909 ’
223 2907 324 2970 fundo
350 2908 503 2990 Stephani
528 2907 644 2969 literati
670 2905 709 2966 de
735 2905 889 2982 Abbacia‚
913 2906 1033 2985 absque
1058 2903 1176 2985 sigillo.

330 3014 573 3096 Septuagesime
598 3013 709 3094 quinte
735 3011 825 3072 litere
850 3011 882 3071 in
907 3010 1020 3092 papiro
1050 3008 1207 3087 confecte,
1230 3024 1380 3072 sonantes
1406 3011 1487 3073 Mar·

223 3122 291 3182 tino
315 3121 422 3182 abbati
449 3140 551 3202 nuper
574 3122 643 3193 (sic)
667 3117 865 3179 monasterii.

328 3227 570 3308 Septuagesime
593 3237 681 3286 sexte
706 3223 796 3284 litere
821 3221 952 3304 capituli
985 3222 1202 3303 zagrabiensis
1233 3242 1331 3303 super
1354 3222 1487 3304 quibus·

222 3333 297 3393 dam
323 3332 451 3393 duobus
469 3331 641 3393 maccellis.
