3428 5256
849 912 910 991 tx.

302 1093 436 1191 (Anno)
471 1089 581 1166 1513.
622 1090 859 1167 lnventarium
888 1092 1069 1190 prebende
1099 1102 1225 1169 sancte
1255 1093 1455 1169 Dorothee.

355 1252 433 1313 Item
458 1251 562 1332 primo
588 1250 682 1312 habet
706 1251 747 1311 ad
780 1270 865 1311 aram
899 1264 1005 1312 sancte
1031 1251 1193 1312 Dorothee
1226 1253 1290 1314 duo
1316 1253 1510 1316 candelabra

249 1378 376 1439 cuprea.

355 1464 463 1526 Unum
489 1464 551 1524 vile
578 1463 705 1524 blissale
731 1463 761 1523 in
794 1481 999 1543 pargameno.

353 1571 431 1632 Item
457 1570 515 1631 tria
541 1582 729 1631 ornamenta
755 1588 818 1646 are,
844 1588 944 1630 unum
969 1569 1064 1631 vilius
1089 1584 1118 1631 et
1144 1570 1208 1630 duo
1234 1572 1379 1635 meliora.

354 1677 430 1737 Item
457 1695 553 1737 unam
579 1677 705 1736 vineam
723 1677 842 1736 bonam
867 1689 899 1736 et
915 1677 974 1736 sub
991 1675 1105 1736 eadem
1134 1691 1232 1736 terras
1256 1678 1392 1738 arabiles
1408 1697 1513 1760 prope

247 1797 390 1845 sanctum
417 1782 596 1844 lohannem
621 1781 766 1862 undique
792 1780 917 1842 fossatis
941 1782 1161 1842 circumdatas.

354 1890 429 1951 ltem
456 1891 486 1950 in
512 1889 672 1950 territorio
697 1889 757 1949 vici
785 1888 972 1948 Latinorum
999 1907 1095 1949 unam
1121 1889 1258 1967 vineam,
1284 1890 1322 1950 de
1348 1909 1410 1971 qua
1428 1891 1513 1952 obli·

247 2011 363 2077 gantur
387 1997 549 2076 octoginta
574 1995 765 2056 viennenses
789 1994 877 2054 omni
903 2014 988 2055 anno
1014 2014 1071 2076 pro
1096 1994 1231 2056 decima.

354 2102 430 2163 Item
457 2101 552 2162 habet
578 2101 609 2160 in
635 2119 749 2181 campo
781 2100 841 2161 vici
876 2100 1064 2161 Latinorum
1098 2115 1196 2162 terras
1228 2102 1364 2163 arabiles
1389 2104 1420 2163 in
1447 2123 1513 2164 uno

248 2210 320 2270 loco
345 2211 403 2270 sub
429 2208 676 2290 Czyglennycza
703 2206 803 2267 dietas
824 2222 888 2268 tres
905 2208 955 2269 vel
982 2209 1058 2268 citra
1084 2228 1156 2269 cum
1173 2206 1275 2286 senili,
1301 2209 1418 2290 quibus
1435 2211 1513 2271 vici·

247 2330 362 2375 nantur
387 2317 426 2375 ab
451 2315 574 2375 oriente
599 2329 679 2375 terre
707 2333 759 2373 are
777 2314 875 2373 sancti
902 2313 1012 2374 Jacobi
1030 2314 1167 2395 apostoli
1195 2315 1225 2374 in
1252 2315 1385 2376 ecclesia
1410 2317 1512 2377 sancti

247 2421 330 2501 regis
356 2419 508 2502 Stephani
534 2418 677 2496 fundate,
699 2439 715 2479 a
734 2418 867 2478 meridie
886 2421 1045 2496 rubetum,
1063 2423 1103 2480 ab
1121 2420 1286 2481 occidente
1311 2435 1393 2482 terre
1410 2422 1512 2483 sancti

246 2527 402 2587 Anthonii
428 2541 458 2587 et
482 2541 562 2586 terre
593 2540 776 2585 sanctorum
809 2525 920 2586 decem
955 2525 1055 2585 millia
1089 2527 1242 2605 Militum,
1266 2547 1282 2588 a
1307 2529 1511 2609 septemtrio·

123 2674 141 2696 .
247 2632 309 2693 nali
338 2633 387 2692 via
413 2632 542 2712 publica
566 2630 668 2691 tendit
694 2630 731 2690 ad
758 2631 880 2691 Omnes
906 2630 1050 2694 Sanctos.

354 2738 429 2799 ltem
457 2738 488 2796 in
507 2736 648 2797 secundo
665 2737 738 2796 loco
764 2735 858 2796 habet
872 2735 971 2796 dietas
992 2751 1154 2817 quattuor,
1174 2758 1236 2819 que
1261 2752 1433 2801 vocantur:
1460 2739 1511 2800 Li·

246 2844 361 2928 zychee
398 2858 428 2905 et
454 2845 632 2904 vicinantur
665 2842 785 2902 eisdem
820 2844 859 2903 ab
897 2844 1019 2904 oriente
1054 2857 1135 2904 terre
1162 2845 1323 2905 Ambrosii
1349 2843 1511 2907 barbiton·

245 2951 336 3027 soris,
361 2970 424 3031 que
450 2949 639 3031 prefuerunt
672 2949 822 3030 Stephani
858 2950 982 3026 Kelkel,
1014 2971 1030 3010 a
1064 2950 1197 3012 meridie
1237 2964 1318 3011 terre
1344 2950 1512 3032 hospitalis

246 3071 352 3118 sancte
379 3055 568 3138 Elyzabeth,
593 3058 632 3116 ab
657 3056 822 3116 occidente
855 3056 905 3115 via
939 3056 1079 3137 publica,
1105 3076 1166 3136 que
1200 3057 1250 3117 via
1275 3058 1378 3118 tendit
1402 3077 1511 3118 versus

246 3165 374 3224 Zawam
409 3163 446 3222 de
479 3177 588 3224 sancto
613 3163 717 3240 Petr0,
749 3182 766 3222 a
800 3163 1053 3242 septemtrionali
1087 3183 1163 3224 vero
1196 3165 1246 3225 via
1283 3165 1424 3246 publica,
1448 3185 1511 3246 que

246 3270 348 3331 tendit
373 3289 481 3329 versus
506 3269 659 3350 piscinam
686 3269 724 3328 de
749 3281 861 3328 sancto
887 3268 989 3331 Petro.

352 3375 428 3436 ltem
454 3377 512 3436 sub
546 3376 689 3436 Moztecz
723 3374 817 3435 habet
849 3389 911 3435 tres
943 3375 1044 3436 dietas
1076 3389 1157 3437 terre
1194 3377 1323 3437 arabilis
1346 3377 1397 3437 vel
1422 3376 1511 3454 citra,

245 3483 363 3563 quibus
387 3482 568 3542 vicinantur
585 3484 624 3541 ab
642 3482 762 3542 oriente
781 3495 862 3541 terre
884 3501 936 3541 are
954 3495 1060 3543 sancte
1079 3482 1207 3559 Ursule,
1232 3503 1249 3543 a
1274 3482 1408 3544 meridie
1426 3497 1508 3543 terre

245 3589 411 3649 cuiusdam
438 3588 509 3648 laici
536 3586 573 3646 de
600 3588 779 3662 Bwlrovvcz,
805 3589 844 3646 ab
861 3587 1027 3647 occidente
1046 3591 1194 3648 rubetum
1220 3588 1271 3648 vel
1296 3588 1412 3649 fluvius
1436 3588 1509 3671 plu·

245 3695 346 3770 vialis,
372 3695 426 3773 qui
453 3694 563 3754 transit
588 3694 647 3753 sub
680 3707 835 3769 moztecz,
869 3713 886 3753 a
919 3694 1173 3772 septemtrionali
1205 3694 1256 3754 via
1281 3695 1420 3777 publica,
1445 3714 1508 3776 que

245 3800 346 3861 tendit
371 3819 479 3860 versus
505 3800 627 3860 Omnes
653 3799 796 3861 Sanctus.

351 3906 382 3966 ln
420 3921 533 3987 quarto
566 3906 638 3966 loco
678 3906 773 3965 habet
804 3924 900 3965 unam
937 3905 1053 4001 dietam
1087 3919 1168 3966 terre
1204 3905 1285 3966 inter
1321 3920 1418 3967 terras
1454 3925 1508 3967 are

243 4013 343 4073 sancti
371 4011 536 4072 Michaelis
561 4010 743 4091 archangeli
769 4030 868 4092 prope
895 4010 1002 4071 valvas
1037 4011 1136 4072 sancti
1170 4011 1252 4090 regis
1277 4011 1442 4093 Stephani,
1467 4011 1507 4071 ab

245 4118 436 4179 occidentali
463 4133 492 4178 et
524 4138 539 4178 a
574 4117 828 4199 septemtrionali
867 4117 947 4177 inter
981 4131 1078 4178 terras
1108 4131 1290 4179 sanctorum
1318 4117 1451 4179 Fabiani
1477 4132 1509 4180 et

245 4224 423 4285 Sebastiani
451 4224 628 4286 martirum.

350 4331 383 4391 ln
409 4332 522 4412 quinto
547 4332 619 4392 loco
644 4330 739 4391 habet
764 4343 914 4410 quattuor
939 4330 1039 4391 dietas
1068 4345 1148 4392 terre
1173 4331 1224 4392 vel
1249 4332 1338 4410 citra,
1363 4349 1426 4412 que
1450 4351 1505 4392 vo·

243 4451 370 4500 cantur:
405 4438 598 4521 Prasnycze,
630 4438 747 4518 quibus
778 4437 958 4497 vicinantur
987 4438 1027 4497 ab
1058 4437 1180 4498 oriente
1213 4438 1303 4516 silva,
1328 4458 1344 4498 a
1371 4436 1506 4498 meridie

243 4559 325 4605 terre
350 4545 449 4604 sancti
475 4544 629 4604 leronimi
656 4560 686 4605 et
711 4543 809 4604 sancti
836 4542 995 4605 Francisci
1013 4556 1045 4603 et
1057 4555 1138 4605 terre
1156 4545 1318 4625 prebende
1345 4543 1507 4624 Filyarlra,

243 4652 283 4711 ab
310 4650 475 4711 occidente
502 4663 583 4711 terre
609 4649 777 4733 hospitalis
802 4661 910 4712 sancte
936 4648 1115 4728 Elizabeth,
1140 4670 1156 4710 a
1182 4648 1439 4732 septemtrionali
1457 4650 1507 4711 via

243 4756 383 4839 publica,
408 4774 470 4838 que
496 4757 598 4817 tendit
624 4775 733 4818 versus
758 4754 941 4839 patibulum
965 4753 1006 4816 de
1028 4753 1099 4815 vico
1125 4754 1325 4818 Latinorum.

768 4879 981 4901 —0-0—0—
