3428 5256
782 354 967 416 locarant«.
1448 377 1504 440 ¹75

347 568 437 646 ltem,
461 567 649 629 liberalius
674 567 704 628 in
731 567 910 645 medicinis,
943 580 973 628 et
998 567 1110 649 incipit
1140 567 1274 628 »liberet
1300 581 1331 629 te
1356 568 1436 628 deus
1460 567 1503 630 fili

239 677 492 753 amantissime«,
518 675 639 737 habens
664 676 696 736 in
720 695 753 736 se
779 675 879 736 multa
904 674 966 735 alia
999 674 1166 756 opuscula,
1192 672 1262 735 finit
1287 674 1320 735 in
1346 673 1407 735 fine
1432 675 1504 736 libri

244 782 394 843 »insimul
420 782 523 843 donec
552 781 781 863 inspirentur«.

343 887 433 965 ltem,
458 888 538 948 liber
561 887 602 948 de
635 888 766 968 ingenio
797 887 942 949 sanitatis
974 886 1123 965 Galieni,
1157 899 1188 948 et
1213 888 1326 969 incipit
1354 887 1385 948 in
1411 888 1503 969 nigro

243 996 378 1057 »librum
406 995 445 1056 de
470 994 613 1055 sanitatis
638 994 801 1076 ingenio«,
825 1008 855 1055 et
879 994 910 1055 in
930 991 993 1055 fine
1018 994 1089 1056 libri
1113 991 1181 1054 finit
1209 994 1330 1055 »multo
1355 1008 1500 1076 ternpore

238 1115 500 1178 conversantur«,
526 1113 557 1161 et
580 1114 666 1162 caret
688 1099 905 1182 coopertorio.

346 1225 435 1302 ltem‚
460 1224 593 1286 Cantica
626 1225 824 1285 canticorum
851 1225 992 1285 Auicene
1016 1238 1047 1285 et
1072 1225 1183 1306 incipit
1210 1226 1261 1285 »in
1291 1224 1370 1306 quid
1395 1226 1500 1287 obolit

239 1330 434 1414 Beroysch«,
458 1344 490 1392 et
514 1330 545 1390 in
571 1329 633 1391 fine
665 1330 738 1391 libri
770 1329 839 1392 finit
874 1344 1076 1390 »nostrorum
1110 1330 1269 1391 dictorum
1296 1331 1500 1408 occasione«,

237 1452 268 1498 et
290 1451 336 1499 est
361 1450 533 1518 coopertus
557 1436 596 1496 de
622 1435 728 1497 viridi.

345 1543 434 1620 ltem,
459 1543 541 1604 liber
558 1539 795 1603 diffinicionum
813 1542 912 1619 lsaak,
929 1554 959 1602 et
977 1542 1088 1624 incipit
1109 1542 1334 1604 »Collaciones
1350 1562 1388 1603 ex
1406 1543 1499 1604 dictis

237 1650 500 1734 prophetarum«,
524 1649 695 1710 continens
718 1649 750 1709 in
775 1669 808 1710 se
833 1648 895 1709 alia
928 1649 1097 1731 opuscula,
1130 1649 1216 1710 etin
1242 1647 1304 1710 fine
1329 1649 1401 1710 libri
1427 1649 1497 1711 finit

240 1756 417 1818 »medicine
443 1754 622 1837 professore
647 1753 872 1835 dignissimo«.

342 1880 432 1959 ltem,
456 1880 538 1940 liber
568 1879 737 1940 oculorum
771 1878 913 1956 Aliabas,
948 1893 979 1939 et
1011 1892 1057 1939 est
1093 1879 1124 1940 in
1159 1879 1267 1964 ciroya
1281 1877 1300 1957 ¹,
1325 1894 1355 1941 et
1387 1880 1500 1962 incipit

239 2004 457 2068 »quamquam
484 1985 515 2045 in
541 1984 645 2045 libero
662 1983 812 2061 viatico«,
837 1997 868 2045 et
893 1984 923 2044 in
946 1983 1008 2045 fine
1026 1984 1098 2046 libri
1125 1984 1193 2046 linit
1220 1984 1383 2067 »inequali
1409 1999 1498 2048 motu

237 2094 344 2178 fortis.

341 2201 430 2278 ltem,
453 2218 538 2260 unus
561 2198 644 2259 alius
681 2197 763 2258 liber
798 2197 967 2258 continens
1000 2197 1031 2257 in
1066 2217 1099 2257 se
1131 2197 1252 2258 multos
1283 2210 1435 2259 tractatus
1457 2198 1497 2259 de

235 2307 413 2383 medicinis,
438 2305 478 2366 de
503 2305 625 2366 minuta
649 2303 765 2381 littera,
789 2317 820 2363 et
844 2303 958 2385 incipit
990 2302 1088 2363 »dixit
1113 2302 1246 2365 Calcida
1272 2303 1441 2383 lntimeo«,
1466 2319 1497 2366 et

233 2415 328 2477 habet
352 2428 455 2476 certos
479 2425 625 2474 caternos
649 2411 680 2472 in
706 2409 769 2471 fine
795 2430 859 2472 non
885 2411 1010 2491 ligatos.

338 2540 427 2616 ltem,
452 2557 535 2598 unus
559 2537 641 2598 liber
665 2536 744 2596 alter
769 2535 801 2595 in
819 2534 988 2596 medicinis
1013 2534 1052 2595 de
1071 2533 1192 2593 naturis
1216 2533 1374 2613 ciborum,
1400 2550 1429 2597 et
1448 2536 1496 2596 in·

231 2647 308 2728 cipit
331 2665 405 2707 cum
430 2644 554 2705 rubrica
583 2642 666 2704 »oris
691 2642 722 2703 in
748 2641 893 2723 primis«,
917 2655 948 2701 et
972 2640 1003 2701 in
1021 2637 1083 2700 fine
1108 2638 1180 2699 libri
1207 2637 1289 2701 fiinit
1315 2641 1366 2701 »in
1385 2655 1494 2703 ventre

231 2767 261 2814 et
285 2752 448 2814 trictura«.

338 2858 427 2935 ltem,
451 2875 535 2918 unus
558 2855 640 2917 alius
663 2855 746 2915 liber
763 2855 795 2915 in
820 2873 948 2936 ceroya,
965 2867 995 2914 et
1013 2853 1126 2935 incipit
1146 2853 1297 2914 »materia
1321 2873 1397 2914 vero
1414 2855 1496 2915 cutis

230 2977 310 3042 eat«,
333 2979 365 3025 et
390 2964 421 3024 in
446 2961 508 3023 fine
533 2961 605 3022 libri
631 2958 701 3021 finit
736 2960 892 3021 »svaviter
916 2959 1150 3043 percuciatur«,
1183 2973 1214 3019 et
1250 2973 1295 3020 est
1321 2974 1494 3042 coopertus

231 3071 270 3130 de
296 3069 500 3153 coopertorio
526 3067 629 3148 nigro.

336 3175 426 3253 ltem,
452 3193 534 3235 unus
558 3173 640 3234 alius
665 3172 746 3234 liber
771 3172 802 3233 in
828 3171 998 3233 medicinis
1022 3170 1061 3231 de
1079 3170 1182 3231 littera
1209 3169 1435 3247 minutissima,
1461 3182 1492 3231 et

232 3283 344 3365 incipit
371 3282 509 3364 »duplex
533 3294 612 3357 est«,
637 3294 667 3341 et
692 3280 723 3340 in
748 3277 811 3341 fine
837 3279 909 3340 libri
934 3278 1029 3339 huius
1057 3277 1175 3339 »modo
1199 3291 1425 3340 tractatuum«.

337 3407 426 3484 ltem,
451 3426 533 3467 unus
557 3406 638 3467 alius
664 3405 744 3466 liber
768 3405 799 3465 in
825 3404 995 3466 medicinis
1024 3404 1137 3486 incipit
1164 3403 1314 3485 »quando
1340 3403 1492 3466 ventilata

230 3510 290 3574 fuit
307 3532 402 3594 super
419 3531 503 3589 me«,
519 3510 640 3572 habens
664 3511 696 3571 in
721 3529 754 3571 se
770 3510 833 3572 alia
850 3509 1016 3593 opuscula,
1041 3524 1072 3571 et
1089 3509 1121 3570 in
1146 3507 1208 3570 fine
1231 3509 1305 3570 libri
1330 3508 1399 3570 finit
1426 3509 1492 3570 »in-

216 3617 446 3690 numerabiles
469 3616 737 3679 misericordias«.

230 3850 480 3931 Sequuntur
504 3848 605 3909 libri
630 3847 787 3909 arcium
812 3861 851 3908 et
875 3847 1006 3908 eciam
1031 3847 1168 3928 aliqui
1193 3846 1489 3907 medicinales.

333 4009 452 4085 Prim0,
477 4008 558 4069 liber
583 4007 770 4068 Ethicorum
803 4026 875 4069 cum
901 4009 1020 4069 lectura
1056 4008 1139 4069 beati
1166 4006 1294 4068 Thome
1327 4007 1435 4084 simul,
1460 4020 1490 4067 et

227 4115 337 4197 incipit
374 4115 499 4175 »omnis
530 4134 579 4175 ars
610 4133 645 4175 ac
677 4114 783 4175 omnis
815 4114 1000 4191 doctrina«,
1025 4129 1056 4175 et
1089 4115 1118 4175 in
1153 4114 1213 4175 fine
1239 4115 1341 4196 prime
1370 4114 1487 4196 pagine

224 4220 355 4281 secundi
383 4217 452 4281 lolii
479 4217 547 4280 finit
575 4219 696 4280 »civilis
728 4219 899 4295 sciencia«,
929 4220 1015 4281 etin
1049 4217 1110 4279 fine
1137 4219 1209 4281 libri
1243 4218 1341 4280 habet
1366 4232 1487 4280 textum

224 4326 589 4402 excommunicatorum,
614 4339 645 4388 et
670 4326 700 4386 in
726 4323 788 4386 fine
805 4326 878 4387 libri
904 4324 972 4387 finit
1007 4324 1110 4387 »filios
1134 4339 1165 4387 et
1189 4340 1370 4407 parentes«,
1395 4341 1426 4388 et
1443 4340 1489 4388 est

224 4446 373 4513 copertus
398 4433 579 4512 copertorio
605 4432 708 4513 nigro.

328 4556 417 4634 ltem,
443 4556 524 4618 liber
549 4575 723 4638 parvorum
758 4557 953 4618 naturalium
986 4556 1187 4635 animalium,
1219 4571 1250 4617 et
1274 4557 1386 4638 incipit
1412 4575 1484 4618 cum

222 4663 348 4725 rubrica
386 4662 443 4726 »de
476 4663 620 4746 partibus
651 4676 682 4724 et
715 4663 869 4724 membris
903 4663 1153 4741 animatorum«,
1178 4677 1209 4725 et
1239 4663 1270 4724 in
1296 4661 1357 4724 fine
1383 4663 1486 4744 prime

328 4851 596 4927 machinam«.
