3428 5256
223 391 262 450 52
759 373 848 431 Anao
869 367 965 449 1484.

221 583 412 647 destituatur
436 603 476 645 eo
500 581 604 661 facto;
630 582 706 645 item
724 583 749 645 si
766 582 857 645 alteri
882 583 1022 647 voluerit
1038 582 1125 661 dare,
1149 595 1265 644 extunc
1290 581 1398 646 solum
1416 601 1490 645 cum

220 690 387 753 solucione
412 690 564 773 premisse
598 709 668 753 cere
701 704 732 752 et
763 711 828 752 non
861 710 919 772 pro
952 690 1066 752 maiori
1098 689 1207 772 precio
1231 689 1336 752 valeat
1357 690 1437 752 <dare
1460 703 1493 752 et

221 811 423 881 perpetuare,
448 811 479 860 et
502 817 567 859 non
593 798 696 875 alteri,
722 797 782 858 nisi
808 797 932 859 concivi
958 810 1090 874 nostro;
1113 796 1138 858 si
1163 809 1270 859 autem
1296 795 1388 860 alteri
1413 796 1491 860 dare

222 904 371 981 voluerit,
396 904 581 966 nullatenus
605 904 721 967 habeat
741 902 937 982 facultatem,
962 903 1018 965 sed
1043 904 1257 965 communitas
1282 917 1390 967 nostra
1414 924 1490 967 cum

221 1011 302 1073 scitu
327 1010 460 1073 fratrum
485 1009 716 1092 premissorum
741 1011 935 1092 cuicumque
955 1010 1079 1072 concivi
1105 1023 1216 1073 nostro
1240 1009 1340 1074 dandi
1364 1024 1395 1072 et
1420 1030 1492 1094 per·

221 1116 375 1200 petuandi
399 1117 537 1179 habeant
554 1116 749 1180 facultatem.

327 1229 425 1286 Anno
443 1223 574 1285 Domini
592 1223 768 1285 millesimo
787 1223 1106 1305 quadringentesimo
1124 1223 1345 1305 octuagesimo
1362 1238 1491 1311 quarto,

219 1342 364 1412 tempore
389 1328 547 1409 judicatus
571 1327 685 1410 prefati
711 1329 866 1390 Johannis
891 1328 1107 1408 Soldinarich,
1136 1329 1297 1411 Georgius
1321 1328 1406 1391 filius
1432 1329 1489 1391 Ni·

221 1435 304 1497 colai
330 1433 388 1496 filii
414 1435 570 1495 iohannis
594 1435 734 1515 agricole
759 1434 904 1496 vendidit
936 1435 1029 1496 civile
1054 1455 1111 1497 seu
1135 1435 1273 1497 fundum
1297 1453 1391 1497 suum
1416 1454 1490 1496 cum

224 1540 357 1604 edificiis
382 1555 412 1604 et
443 1543 529 1603 curia
561 1542 593 1607 in
618 1543 774 1604 suburbio
798 1541 935 1604 civitatis
959 1556 1066 1604 nostre
1101 1562 1139 1604 ex
1179 1542 1330 1624 opposito
1354 1540 1489 1605 ecclesie

220 1649 319 1710 sancti
353 1648 481 1710 Martini
514 1649 565 1709 via
598 1649 763 1710 communi
796 1649 996 1728 intermedia,
1030 1668 1047 1709 a
1076 1662 1165 1730 parte
1198 1662 1304 1710 autem
1340 1647 1490 1710 orientali

221 1774 319 1836 penes
343 1753 480 1816 fundum
504 1755 638 1817 ecclesie
670 1755 769 1817 sancti
796 1755 894 1816 Marci
926 1775 962 1816 ac
995 1755 1128 1817 ecclesie
1162 1769 1269 1816 nostre
1295 1753 1491 1836 parochialis

222 1876 252 1922 et
275 1881 331 1943 per
355 1880 557 1943 consequens
582 1861 711 1943 plebani
738 1862 848 1939 nostri,
872 1882 889 1922 a
914 1875 1003 1943 parte
1024 1875 1131 1922 autem
1157 1860 1362 1922 meridionali
1389 1880 1489 1942 penes

221 1965 376 2048 (h)ortum
401 1966 521 2028 nobilis
545 1967 636 2028 Pauli
663 1968 789 2045 Baxicz,
814 1988 830 2028 a
855 1982 943 2049 parte
969 1982 1075 2028 autem
1106 1966 1297 2029 occidentali
1324 1985 1423 2048 penes
1448 1967 1490 2028 ci·

222 2071 286 2134 vile
310 2091 365 2132 seu
390 2070 527 2134 fundum
562 2073 662 2134 Elene
696 2073 851 2136 Marchua
884 2074 970 2135 dicte
999 2074 1144 2137 habitum
1178 2073 1316 2156 provido
1341 2073 1493 2134 Emerico

221 2176 312 2238 fabro
337 2176 404 2239 filio
430 2178 563 2260 Georgii
596 2180 635 2241 de
668 2181 815 2261 Zagoria,
850 2200 936 2241 novo
968 2194 1078 2242 nostro
1110 2181 1235 2243 concivi
1261 2200 1297 2241 ac
1323 2179 1491 2241 Dorothee

223 2282 287 2344 filie
312 2284 450 2346 condam
477 2286 575 2348 Marci
602 2286 700 2348 Pazar
728 2287 820 2348 uxori
852 2307 908 2348 sue
932 2306 991 2369 pro
1024 2287 1196 2349 duodecim
1230 2285 1299 2351 flor.
1325 2287 1393 2349 auri
1421 2287 1491 2369 jure

222 2405 389 2474 perpetuo.
