3428 5256
753 284 905 350 Rationes.
1389 308 1452 373 ²97

297 501 374 563 item
400 499 440 563 de
465 501 679 562 remanenciis
714 501 925 584 pecuniarum
954 501 1102 563 toralium
1128 521 1192 563 unn
1216 521 1288 564 cum
1314 504 1383 568 flor.
1408 504 1453 565 vi·

189 607 282 690 ginti,
306 626 389 688 quos
407 605 558 687 magister
578 606 823 670 bartholomeus
842 606 1087 670 archidiaconus
1114 606 1309 671 chasmensis
1332 624 1390 674 etc.
1406 629 1454 671 ra·

191 713 285 775 cione
299 712 518 774 estimationis
533 711 650 774 domus
666 713 768 775 suein
783 713 936 797 Capitulo
953 713 1113 796 deposuit,
1134 731 1255 780 sunt...
1273 715 1342 779 flor.
1358 717 1453 777 LXX.

778 875 868 935 1500.

298 978 391 1039 Feria
413 991 500 1039 sexta
517 977 548 1038 in
567 977 709 1059 profesto
734 979 818 1041 beati
836 978 965 1041 Thome
987 980 1026 1041 de
1045 981 1176 1061 Aquino
1201 980 1281 1043 iacta
1306 998 1352 1045 est
1369 984 1455 1044 racio

192 1103 264 1147 cum
289 1085 514 1146 executoribus
538 1084 675 1146 condam
701 1085 845 1166 magistri
871 1086 957 1146 Luce
982 1086 1128 1147 canonici
1155 1087 1194 1147 de
1219 1089 1377 1170 perceptis
1400 1108 1454 1170 pe·

191 1190 295 1252 cuniis
311 1211 348 1252 ex
365 1191 572 1253 estimacione
590 1190 763 1253 domorum
789 1191 821 1252 in
839 1210 954 1253 manus
969 1211 1042 1252 suas
1059 1192 1227 1274 assignatis
1243 1194 1455 1274 quemadmo-

192 1297 269 1358 dum
293 1317 423 1379 presens
447 1298 615 1379 registrum
634 1297 673 1359 de
692 1298 815 1360 intretis
836 1312 867 1360 et
883 1298 1041 1380 perceptis
1064 1298 1169 1377 docet,
1194 1299 1233 1362 de
1251 1301 1370 1381 quibus
1387 1301 1454 1382 ipse

193 1405 344 1487 percepit,
369 1403 444 1466 facit
468 1404 500 1466 in
525 1419 594 1467 toto
615 1402 832 1490 ilii⁰XXXi¹s,
859 1404 927 1467 flor.

299 1510 375 1573 Item
401 1511 440 1571 de
465 1511 663 1573 testamentis
687 1508 890 1593 XXXVIW.

299 1617 377 1678 item
400 1616 559 1678 dederunt
590 1617 649 1699 ipsi
680 1631 866 1679 executores
898 1617 1061 1679 racionem
1094 1618 1134 1679 de
1168 1618 1256 1680 exitu
1281 1618 1377 1679 huius
1402 1638 1441 1700 pe

192 1724 287 1786 cunie
311 1723 464 1785 1110xvl11
491 1723 571 1803 flor,
595 1737 626 1785 et
649 1737 767 1785 restant
791 1722 895 1785 adhuc
921 1723 952 1784 in
977 1724 1181 1787 residuo...
1208 1723 1277 1785 CLi
1305 1724 1373 1785 flor.

299 1829 377 1892 item
402 1829 433 1890 in
459 1828 602 1912 profesto
627 1829 796 1891 Thiburcii
830 1844 861 1892 et
885 1829 1047 1890 Valeriani
1081 1832 1247 1891 martirum
1274 1830 1382 1892 habita
1407 1851 1454 1891 ra-

194 1937 287 1999 cione
311 1935 521 2018 pecuniarum
546 1954 602 2017 per
625 1935 762 1998 condam
789 1935 976 2016 magistrum
996 1936 1115 1997 Lucam
1141 1937 1179 1996 de
1204 1938 1403 1998 testamentis
1427 1951 1457 1997 et

194 2043 402 2104 estimacione
434 2041 606 2103 domorum
648 2057 889 2123 perceptarum,
924 2041 1077 2103 dominus
1116 2058 1222 2103 custos
1257 2042 1296 2103 de
1328 2042 1456 2104 residuo

194 2149 333 2231 ipsarum
360 2149 568 2229 pecuniarum
591 2149 756 2230 inparatis
779 2166 886 2208 coram
904 2146 1045 2208 dominis
1062 2147 1094 2208 in
1119 2149 1260 2208 sacristia
1285 2148 1456 2230 deposuit:

195 2256 227 2316 in
253 2255 364 2337 primis
384 2255 422 2313 dc
442 2254 588 2336 pecuniis
605 2254 788 2315 huiusmodi
808 2254 979 2315 domorum
998 2269 1029 2316 et
1046 2269 1309 2316 testamentorum
1328 2270 1456 2316 centum

194 2361 429 2443 quinquaginta
455 2379 555 2421 unum
581 2374 611 2420 et
635 2358 779 2420 medium
806 2358 876 2423 flor.

299 2464 376 2528 ltem
409 2465 448 2526 de
481 2480 673 2528 testamento
704 2465 826 2526 domini
860 2465 989 2526 lectoris
1021 2465 1158 2527 condam
1193 2467 1275 2527 Petri
1307 2467 1457 2547 deposuit

195 2572 265 2637 flor.
290 2572 415 2653 viginti.

300 2677 378 2738 item
404 2677 489 2738 idem
514 2677 665 2759 deposuit
689 2677 728 2738 de
753 2691 944 2739 testamento
961 2679 1099 2740 condam
1127 2679 1269 2760 magistri
1295 2679 1381 2741 Luce
1407 2699 1457 2741 ca·

195 2784 303 2846 nonici
329 2784 396 2847 flor.
422 2782 573 2845 sedecim.

300 2889 378 2951 Item
404 2889 490 2951 idem
515 2890 665 2971 deposuit
690 2888 759 2953 flor.
783 2891 995 2972 septuaginta,
1020 2911 1102 2971 quos
1119 2890 1269 2971 magister
1295 2890 1458 2952 Fabianus

193 2995 388 3078 deposuerat
411 2996 451 3056 ad
477 2996 664 3056 mandatum
690 2995 813 3056 domini
840 2996 992 3078 episcopi.

300 3100 376 3163 item
403 3116 498 3164 restat
522 3101 627 3162 adhuc
651 3101 776 3163 solucio
800 3101 991 3163 domorum:

301 3209 396 3290 Apud
421 3209 590 3269 dominum
616 3207 817 3290 Prepositum
850 3208 969 3270 scilicet
996 3210 1212 3290 Alphonsum,
1237 3210 1309 3272 flor.
1334 3211 1370 3272 L.

300 3314 396 3396 Apud
424 3315 686 3376 bartholomeum
712 3314 865 3375 lectorem
891 3315 958 3377 flor.
985 3316 1110 3377 LXXX.

301 3420 395 3502 Apud
422 3420 623 3482 Anthonium
647 3421 829 3482 stibrsrium
864 3420 932 3486 flor.
959 3423 1088 3484 XXXV.

300 3527 404 3589 Solvit
428 3527 496 3589 flor.
520 3527 645 3605 decem,
669 3527 830 3609 reliquum
855 3541 942 3591 tunc.

301 3632 396 3714 Apud
422 3633 563 3694 Blasium
589 3633 809 3695 chasmensem
835 3633 903 3695 flor.
932 3635 1027 3696 LXX.

300 3739 425 3800 Domus
449 3740 591 3820 magistri
618 3741 703 3801 Luce
728 3738 798 3801 flor.
824 3741 921 3802 LXX.

302 3845 378 3908 item
404 3847 541 3927 pecunia
565 3845 702 3907 condam
721 3847 863 3927 magistri
889 3845 1044 3907 iohannis
1060 3848 1220 3927 organiste
1247 3848 1277 3906 in
1303 3867 1403 3908 auro,
1428 3897 1459 3908 ..

195 3952 264 4017 flor.
289 3950 488 4014 LXXXXlii.

301 4059 377 4120 item
396 4058 547 4119 dominus
560 4057 742 4140 Stephanus
754 4058 855 4119 lector
872 4074 1022 4120 executor
1035 4060 1175 4140 magistri
1193 4060 1282 4121 Pauli
1301 4060 1403 4144 Zyzcit
1419 4109 1459 4121 ...

196 4165 263 4228 flor.
287 4164 385 4243 XXV,
411 4164 523 4246 legatis
546 4163 586 4224 ad
612 4164 779 4226 ecclesiam
804 4165 887 4226 beati
915 4165 1079 4246 Stephani.

301 4271 378 4333 item
404 4271 521 4332 domus
553 4270 696 4351 magistri
730 4270 893 4331 Benedicti
927 4272 1084 4349 canonici,
1107 4273 1184 4333 olim
1215 4272 1339 4333 domini
1368 4271 1457 4331 i‘auli

194 4379 234 4439 de
259 4379 387 4463 Zytecz,
412 4378 557 4439 estimata
582 4392 628 4437 cst
653 4377 721 4440 flor.
744 4377 990 4458 quinquaginta.

782 4556 873 4616 ¹50¹·

301 4661 394 4724 Circn
419 4660 535 4723 festum
561 4661 643 4722 benti
671 4661 832 4722 Ambrosii
857 4660 897 4721 de
914 4659 1142 4721 commissione
1157 4661 1364 4724 dominorum
1385 4658 1458 4719 dedi

197 4768 363 4852 Stephano
387 4768 514 4833 literato
538 4766 684 4851 scriptori
709 4766 936 4850 Antiphonarii
962 4767 1031 4829 flor.
1056 4764 1178 4830 decem.
