3428 5256
221 292 284 373 318
767 294 915 353 Raram.

326 502 403 564 Item
429 499 507 564 ierit
532 503 672 565 secunda
698 504 813 565 iterum
848 504 953 565 eidem
979 503 1044 564 dati
1070 517 1144 565 suut
1161 551 1168 566 .
1186 552 1216 566 ..
1240 503 1313 567 deu.
1338 501 1401 568 IIII.

325 608 403 671 Item
429 607 507 670 ferie
532 610 629 671 tercie
655 610 686 671 iu
713 608 794 672 festo
819 609 998 673 Clementis
1015 629 1096 692 pape
1123 629 1180 692 pro
1205 610 1364 672 asseribus
1389 630 1497 674 curro

222 735 288 778 uno
313 715 378 776 dati
403 729 476 776 sunt
494 764 500 778 .
518 765 550 780 ..
576 715 649 778 den.
675 714 777 780 LVIII.

324 819 402 884 Item
426 821 458 882 in
484 820 565 884 festo
596 835 703 884 sancte
738 823 911 885 Katherine
950 823 1096 905 virgInis,
1127 823 1253 884 Briccio
1284 823 1496 904 carpentario

221 929 337 992 iterum
362 927 426 989 dati
451 941 527 989 sunt
543 976 551 992 .
570 976 602 992 ..
625 928 699 991 den.
724 926 773 993 VI.

326 1034 405 1096 Item
431 1034 598 1096 dominico
622 1033 674 1095 die
698 1036 846 1117 sequenti
873 1035 978 1098 eidem
1004 1035 1069 1097 dati
1094 1048 1168 1096 sunt
1185 1083 1193 1099 .
1210 1082 1243 1099 ..
1267 1035 1341 1098 den.
1366 1033 1420 1099 VI.

325 1141 404 1204 Item
427 1137 506 1202 feria
531 1142 643 1222 quInta
669 1155 741 1224 post
771 1139 889 1204 festum
919 1142 1049 1204 Andree
1082 1141 1219 1224 apostoli
1245 1161 1303 1225 pro
1327 1143 1494 1205 asseribus

223 1249 339 1311 iterum
364 1267 457 1309 curro
482 1266 547 1308 uno
571 1246 636 1308 dati
655 1296 661 1310 .
682 1294 715 1312 ..
738 1248 811 1310 den.
838 1246 940 1311 LVIII.

327 1353 404 1415 Item
430 1368 546 1415 eotunc
572 1354 697 1415 Briccio
722 1355 922 1437 carpentario
947 1355 1012 1417 dati
1038 1370 1112 1418 sunt
1128 1404 1135 1418 .
1154 1404 1185 1419 ..
1209 1355 1282 1420 den.
1305 1354 1356 1418 VI.

324 1459 401 1521 Item
428 1459 533 1521 eidem
559 1461 673 1521 iterum
708 1460 738 1521 In
764 1458 846 1522 festo
879 1462 977 1522 Lueie
1003 1462 1097 1524 etad
1131 1463 1200 1524 dies
1223 1474 1395 1543 sequentes
1420 1460 1489 1524 dati

220 1579 294 1626 sunt
310 1613 318 1628 .
337 1613 367 1628 ..
391 1565 462 1628 den.
486 1563 562 1629 VIII.

326 1671 402 1733 Item
429 1668 508 1732 feria
533 1672 673 1733 secunda
698 1673 729 1732 In
763 1672 874 1753 vigilia
907 1675 989 1734 beati
1017 1673 1147 1735 Thome
1180 1693 1237 1755 pro
1262 1673 1421 1735 asseribus
1447 1693 1488 1738 ex

222 1777 308 1839 curia
345 1777 468 1838 domini
502 1776 587 1839 GaIIi
624 1779 758 1859 receptis
802 1799 860 1859 pro
896 1779 1008 1840 eadem
1045 1779 1130 1840 scola
1167 1778 1386 1840 consumanda
1419 1778 1485 1841 dati

220 1898 366 1948 sunt...
392 1885 462 1945 den.
491 1881 596 1948 LVIII.

327 1989 403 2052 Item
430 1990 545 2051 eodem
572 1990 623 2051 die
650 1992 773 2052 Briccio
798 1993 998 2074 carpentario
1024 1992 1087 2053 dati
1107 2041 1113 2054 .
1132 2039 1163 2055 ..
1188 1991 1259 2054 den.
1283 1989 1341 2054 IIII.

592 2097 724 2159 Summa
750 2099 840 2160 istius
865 2098 938 2160 facit
967 2099 1036 2161 flor.
1061 2096 1190 2176 II⁰XIIII‚
1215 2099 1287 2161 den.
1310 2094 1441 2161 XXXV.
