3428 5256
770 287 917 347 Rationes.

650 493 1017 560 -MCCCCLXXXXlll

312 639 390 702 ltem
416 640 493 702 leria
511 640 624 721 quinta
640 656 713 701 ante
732 640 927 701 dominicam
947 640 1130 702 Palmarum
1149 642 1211 703 emi
1237 641 1469 703 claviculorum

207 747 355 808 undecim
381 747 556 809 millia...
581 744 640 807 flor
676 745 757 807 Vllll
782 760 813 808 et
841 745 1080 807 wiennensibus
1106 747 1283 827 nigris...
1309 748 1344 809 L.

313 871 389 931 ltem
417 872 447 931 in
484 868 565 931 festo
601 890 625 934 s.
663 871 760 932 Marci
796 870 859 933 emi
896 870 1070 932 claviculos
1102 872 1251 933 undecim
1285 871 1468 934 millia...

206 975 275 1040 flor.
299 975 422 1058 Vllll¹l²
450 990 481 1036 et
502 976 561 1039 sol.
586 976 638 1040 Xl.

312 1099 390 1161 ltem
415 1100 447 1161 in
473 1099 555 1162 festo
578 1121 601 1163 s.
626 1100 725 1162 Eleae
742 1101 805 1163 emi
831 1101 1006 1163 claviculos
1023 1103 1173 1163 undecim
1192 1102 1372 1165 millia...
1401 1103 1470 1164 tior.

204 1206 288 1267 Vllll
313 1221 344 1268 et
367 1207 484 1271 wienn.
509 1207 603 1270 l⁰XL.

312 1313 387 1374 ltem
414 1313 444 1374 in
470 1311 551 1376 lesto
574 1316 603 1377 b.
635 1314 836 1395 Margarethe
869 1315 976 1376 Blasio
1009 1317 1209 1396 carpentario
1241 1335 1299 1398 pro
1323 1314 1470 1376 emendis

205 1418 333 1480 chordis
358 1419 397 1480 ad
423 1419 597 1481 trahendos
621 1439 750 1496 asseres,
775 1420 929 1483 solvi...
955 1412 1022 1484 tior.
1051 1421 1193 1484 XXVlll.

311 1543 388 1605 ltem
414 1544 507 1605 certis
539 1544 776 1607 laboratoribus
804 1565 862 1627 pro
894 1546 1040 1607 emendis
1072 1546 1209 1628 panibus
1234 1545 1328 1607 certis
1352 1544 1468 1605 diebus

208 1648 358 1713 dedi...
383 1649 476 1712 solid.
499 1649 565 1710 Vll.
627 1657 629 1663 '

311 1756 387 1817 ltem
414 1757 562 1818 Dioniaio
587 1756 755 1819 Thurchin
780 1778 838 1838 pro
855 1759 1002 1840 expensis
1025 1759 1065 1819 ad
1090 1758 1180 1820 Zelin
1206 1776 1264 1841 pro
1288 1755 1468 1834 lemeschis,

205 1863 362 1929 solvi...
388 1863 446 1925 sol.
469 1863 506 1925 V.
562 1869 565 1873 ’

309 1968 385 2030 ltem
411 1968 489 2030 feria
514 1984 626 2051 quarta
651 1970 796 2051 proxima
818 1985 888 2052 post
907 1970 1006 2032 Elene
1031 1971 1094 2032 emi
1119 1989 1239 2031 asseres
1263 1987 1397 2049 magnos
1422 1967 1461 2029 ad

203 2074 380 2155 plaustrum
407 2094 507 2136 unum
533 2089 564 2136 et
587 2076 804 2140 medium...
829 2076 885 2140 sol.
909 2077 1020 2140 XLVl.

309 2180 384 2240 Item
412 2178 489 2241 feria
513 2195 600 2241 sexta
632 2196 702 2262 post
726 2181 846 2242 Vrbani
879 2202 936 2263 pro
969 2183 1127 2243 asseribus
1158 2182 1336 2264 plaustrum
1363 2199 1462 2242 unum

204 2286 267 2346 erni
286 2335 292 2349 .
309 2335 339 2348 ..
365 2287 422 2350 sol.
446 2285 587 2350 XXVlll.

308 2392 384 2452 ltem
411 2391 488 2452 feria
512 2392 652 2453 secunda
676 2407 750 2454 aute
776 2393 912 2454 Dionisii
947 2395 1045 2476 empti
1071 2395 1146 2456 sunt
1169 2413 1224 2455 sex
1248 2413 1358 2455 currus
1382 2412 1465 2455 asse·

203 2516 272 2558 rum
298 2497 365 2560 flor.
391 2497 426 2574 11,
451 2512 482 2558 et
505 2498 630 2579 aliquot
653 2518 774 2560 asseres
798 2519 968 2581 supra...
992 2501 1051 2564 sol.
1075 2501 1157 2565 XVl.

308 2621 384 2682 lrem
422 2641 480 2703 pro
513 2621 730 2704 disposicione
763 2623 929 2685 cuiusdam
962 2623 1036 2686 ferri
1069 2646 1127 2708 pro
1160 2645 1315 2707 campana
1350 2625 1463 2686 maiori

202 2728 281 2788 solvi
302 2775 357 2789 ...
382 2727 438 2791 sol.
463 2727 496 2791 ll.

308 2832 385 2894 Item
412 2853 469 2915 pro
494 2834 710 2915 disposicione
728 2836 807 2897 clavi
834 2834 926 2896 ferrei
944 2855 1003 2917 pro
1020 2851 1103 2897 tecto
1127 2837 1208 2898 solvi
1225 2885 1233 2899 .
1250 2885 1280 2899 ..
1304 2837 1362 2899 sol.
1387 2835 1421 2898 ll.

222 2935 224 2941 Ι
308 2957 384 3018 ltern
410 2958 473 3018 emi
498 2958 674 3039 plaustrum
701 2978 801 3020 unum
823 2960 862 3021 de
880 2961 1038 3021 asseribus
1055 2960 1180 3042 magnis
1196 3008 1203 3022 .
1220 3009 1252 3023 ..
1275 2960 1333 3023 sol.
1351 2958 1464 3021 XXXI.

308 3080 385 3141 ltem
413 3081 520 3143 Blasio
545 3083 745 3163 carpentario
763 3103 821 3164 pro
839 3083 948 3144 labore
975 3083 1073 3164 ipsius
1097 3098 1128 3144 et
1152 3083 1371 3144 convencione
1389 3101 1463 3143 cum

202 3187 319 3247 codem
344 3186 425 3248 lacta
451 3207 552 3268 usque
585 3187 700 3248 festum
732 3189 816 3250 beati
850 3188 979 3250 Thome
1003 3190 1141 3270 apostoli
1174 3189 1206 3250 in
1239 3188 1373 3250 diversis
1398 3202 1460 3249 ter·

202 3293 298 3353 minis
322 3293 476 3355 solvi...
501 3294 567 3354 rior.
594 3294 751 3356 LXXXX.

307 3417 383 3477 ltent
410 3419 472 3478 emi
498 3418 634 3479 cubulos
658 3418 724 3479 vini
749 3419 877 3500 triginta
895 3420 1040 3500 quinque
1066 3441 1082 3481 a
1108 3419 1213 3498 judice
1231 3470 1238 3484 .
1255 3469 1285 3483 ..
1311 3420 1377 3482 llor.
1403 3420 1464 3483 llll.

308 3523 384 3585 lrem
411 3525 472 3585 emi
499 3526 564 3585 vini
590 3526 726 3587 cubulos
749 3527 962 3588 sedecim...
990 3527 1058 3590 ssor.
1083 3526 1147 3591 llll.

306 3631 382 3692 ltcm
410 3632 438 3691 in
466 3631 517 3691 die
542 3652 565 3694 s.
589 3632 715 3692 Martini
742 3633 805 3693 emi
831 3634 941 3693 vinum
968 3633 1074 3694 Blasio
1099 3633 1299 3715 carpentario
1325 3633 1463 3695 cubulos

201 3738 328 3817 triginta
355 3738 507 3799 duos...
534 3738 600 3799 lior.
626 3737 662 3798 lll
688 3753 717 3799 et
742 3739 800 3800 sol.
828 3739 983 3801 LXXXV.

308 3845 382 3905 ltem
410 3846 493 3907 idem
520 3845 632 3905 habuit
656 3845 687 3905 in
713 3844 837 3906 koucha
862 3845 902 3905 de
932 3861 1037 3906 musto
1062 3847 1198 3907 cubulos
1221 3861 1305 3908 octo.

307 3951 383 4012 ltem
410 3949 514 4011 eidem
542 3950 648 4011 Blasio
672 3952 872 4032 carpentario
897 3971 954 4032 pro
986 3952 1083 4013 lardis
1108 3951 1307 4015 duobus...
1334 3954 1401 4017 llor.
1428 3953 1463 4016 ll.

310 4074 387 4135 ltem
414 4095 471 4156 pro
491 4072 724 4136 reformacione
749 4077 860 4157 organi
880 4077 1030 4155 magistro
1048 4077 1154 4158 operis
1170 4096 1228 4157 pro
1245 4077 1354 4137 labore
1379 4079 1460 4138 cius·

200 4183 273 4242 dem
300 4183 384 4242 iusta
410 4182 665 4242 convencionem
690 4201 762 4242 cum
788 4182 903 4241 eodem
930 4181 1022 4260 iacta,
1046 4183 1193 4244 dedi...
1221 4183 1286 4246 ¹lor.
1312 4183 1404 4245 Xllll.

308 4305 384 4366 ltem
411 4307 562 4385 magistro
586 4306 713 4366 Andree
732 4306 892 4386 organiste
915 4326 972 4385 pro
990 4307 1083 4367 certis
1107 4306 1292 4367 necessariis
1317 4307 1462 4367 emendis

199 4412 240 4472 ad
273 4411 543 4472 reformacionem
575 4413 699 4491 organi,
731 4412 804 4472 dedi
839 4413 869 4472 in
906 4427 974 4472 toto
1000 4412 1030 4471 in
1065 4412 1198 4472 diversis
1222 4412 1367 4471 terminis
1390 4457 1399 4475 .
1424 4460 1462 4472 ..

200 4518 268 4579 llor.
296 4518 317 4578 ll
344 4535 374 4579 er
399 4519 456 4581 sol.
483 4518 696 4579 LXXXVllll.

306 4642 383 4704 lrem
410 4642 559 4704 Michaeli
585 4642 693 4704 Tisler
717 4661 775 4724 pro
799 4641 965 4704 laboribus
981 4642 1046 4702 suis
1070 4642 1151 4703 circa
1176 4657 1334 4722 organum
1360 4637 1461 4714 lactis,

200 4748 274 4811 dedi
293 4795 300 4810 .
319 4795 351 4812 ..
375 4749 444 4812 llor.
468 4749 502 4813 ll.
