<?xml version="1.0" encoding="UTF-8"?>
<!DOCTYPE html PUBLIC "-//W3C//DTD XHTML 1.0 Transitional//EN"
    "http://www.w3.org/TR/xhtml1/DTD/xhtml1-transitional.dtd">
<html xmlns="http://www.w3.org/1999/xhtml" xml:lang="en" lang="en">
 <head>
  <title>
</title>
<meta http-equiv="Content-Type" content="text/html;charset=utf-8" />
  <meta name='ocr-system' content='tesseract 3.04.00' />
  <meta name='ocr-capabilities' content='ocr_page ocr_carea ocr_par ocr_line ocrx_word'/>
</head>
<body>
  <div class='ocr_page' id='page_1' title='image "./monumentahistor02laszgoog_0163.png"; bbox 0 0 3428 5256; ppageno 0'>
   <div class='ocr_carea' id='block_1_1' title="bbox 265 310 992 385">
    <p class='ocr_par' dir='ltr' id='par_1_1' title="bbox 265 310 992 385">
     <span class='ocr_line' id='line_1_1' title="bbox 265 310 992 385; baseline 0.004 -19"><span class='ocrx_word' id='word_1_1' title='bbox 265 323 323 366; x_wconf 74' lang='grc' dir='ltr'>ιη</span> <span class='ocrx_word' id='word_1_2' title='bbox 789 310 876 367; x_wconf 75' lang='lat' dir='ltr'>Anno</span> <span class='ocrx_word' id='word_1_3' title='bbox 901 322 992 385; x_wconf 84' lang='lat'><em>1520.</em></span> 
     </span>
    </p>
   </div>
   <div class='ocr_carea' id='block_1_2' title="bbox 258 518 1528 2197">
    <p class='ocr_par' dir='ltr' id='par_1_2' title="bbox 258 518 1528 2197">
     <span class='ocr_line' id='line_1_2' title="bbox 259 518 1528 605; baseline 0.006 -26"><span class='ocrx_word' id='word_1_4' title='bbox 259 518 539 598; x_wconf 82' lang='lat' dir='ltr'>commendamus,</span> <span class='ocrx_word' id='word_1_5' title='bbox 563 520 651 601; x_wconf 92' lang='lat' dir='ltr'>quod</span> <span class='ocrx_word' id='word_1_6' title='bbox 677 540 737 583; x_wconf 93' lang='lat' dir='ltr'>nos</span> <span class='ocrx_word' id='word_1_7' title='bbox 766 522 931 603; x_wconf 88' lang='lat' dir='ltr'>quandam</span> <span class='ocrx_word' id='word_1_8' title='bbox 963 523 1097 583; x_wconf 90' lang='lat' dir='ltr'>domum</span> <span class='ocrx_word' id='word_1_9' title='bbox 1122 523 1211 603; x_wconf 89' lang='lat' dir='ltr'>prius</span> <span class='ocrx_word' id='word_1_10' title='bbox 1240 523 1282 583; x_wconf 85' lang='lat' dir='ltr'>ad</span> <span class='ocrx_word' id='word_1_11' title='bbox 1311 523 1528 605; x_wconf 82' lang='lat' dir='ltr'>plebanatum</span> 
     </span>
     <span class='ocr_line' id='line_1_3' title="bbox 259 624 1526 710; baseline 0.006 -24"><span class='ocrx_word' id='word_1_12' title='bbox 259 624 392 686; x_wconf 90' lang='lat' dir='ltr'>ecclesie</span> <span class='ocrx_word' id='word_1_13' title='bbox 416 639 523 686; x_wconf 92' lang='lat' dir='ltr'>nostre</span> <span class='ocrx_word' id='word_1_14' title='bbox 555 626 639 688; x_wconf 92' lang='lat' dir='ltr'>beati</span> <span class='ocrx_word' id='word_1_15' title='bbox 666 627 764 689; x_wconf 89' lang='lat' dir='ltr'>Marci</span> <span class='ocrx_word' id='word_1_16' title='bbox 798 627 1006 709; x_wconf 77' lang='lat' dir='ltr'>ewangeliste</span> <span class='ocrx_word' id='word_1_17' title='bbox 1038 628 1263 710; x_wconf 83' lang='lat' dir='ltr'>pertinentem,</span> <span class='ocrx_word' id='word_1_18' title='bbox 1291 629 1374 690; x_wconf 92' lang='lat' dir='ltr'>inter</span> <span class='ocrx_word' id='word_1_19' title='bbox 1396 631 1526 693; x_wconf 82' lang='lat' dir='ltr'>curiam</span> 
     </span>
     <span class='ocr_line' id='line_1_4' title="bbox 259 733 1526 817; baseline 0.005 -25"><span class='ocrx_word' id='word_1_20' title='bbox 259 733 419 793; x_wconf 85' lang='lat' dir='ltr'>metaliter</span> <span class='ocrx_word' id='word_1_21' title='bbox 442 733 624 795; x_wconf 90' lang='lat' dir='ltr'>distinctam</span> <span class='ocrx_word' id='word_1_22' title='bbox 650 734 776 815; x_wconf 87' lang='lat' dir='ltr'>providi</span> <span class='ocrx_word' id='word_1_23' title='bbox 803 735 861 795; x_wconf 91' lang='lat' dir='ltr'>viri</span> <span class='ocrx_word' id='word_1_24' title='bbox 887 734 1016 795; x_wconf 83' lang='lat' dir='ltr'>Thome</span> <span class='ocrx_word' id='word_1_25' title='bbox 1043 735 1237 817; x_wconf 84' lang='lat' dir='ltr'>Mosnarlryn</span> <span class='ocrx_word' id='word_1_26' title='bbox 1262 734 1350 812; x_wconf 90' lang='lat' dir='ltr'>dicti,</span> <span class='ocrx_word' id='word_1_27' title='bbox 1372 738 1414 796; x_wconf 82' lang='lat' dir='ltr'>ab</span> <span class='ocrx_word' id='word_1_28' title='bbox 1437 739 1526 798; x_wconf 91' lang='lat' dir='ltr'>occi-</span> 
     </span>
     <span class='ocr_line' id='line_1_5' title="bbox 259 840 1525 925; baseline 0.004 -25"><span class='ocrx_word' id='word_1_29' title='bbox 259 840 365 918; x_wconf 81' lang='lat' dir='ltr'>dente,</span> <span class='ocrx_word' id='word_1_30' title='bbox 389 855 420 900; x_wconf 91' lang='lat' dir='ltr'>et</span> <span class='ocrx_word' id='word_1_31' title='bbox 445 841 527 901; x_wconf 94' lang='lat' dir='ltr'>inter</span> <span class='ocrx_word' id='word_1_32' title='bbox 550 841 684 902; x_wconf 90' lang='lat' dir='ltr'>domum</span> <span class='ocrx_word' id='word_1_33' title='bbox 711 841 865 902; x_wconf 88' lang='lat' dir='ltr'>heredum</span> <span class='ocrx_word' id='word_1_34' title='bbox 891 841 1028 904; x_wconf 90' lang='lat' dir='ltr'>condam</span> <span class='ocrx_word' id='word_1_35' title='bbox 1049 841 1139 902; x_wconf 87' lang='lat' dir='ltr'>Pauli</span> <span class='ocrx_word' id='word_1_36' title='bbox 1165 841 1284 925; x_wconf 81' lang='lat' dir='ltr'>Valyas</span> <span class='ocrx_word' id='word_1_37' title='bbox 1304 843 1346 902; x_wconf 85' lang='lat' dir='ltr'>ab</span> <span class='ocrx_word' id='word_1_38' title='bbox 1369 843 1525 905; x_wconf 75' lang='lat' dir='ltr'>orientali</span> 
     </span>
     <span class='ocr_line' id='line_1_6' title="bbox 259 947 1527 1029; baseline 0.002 -22"><span class='ocrx_word' id='word_1_39' title='bbox 259 960 358 1028; x_wconf 82' lang='lat' dir='ltr'>parte,</span> <span class='ocrx_word' id='word_1_40' title='bbox 382 967 400 1007; x_wconf 90' lang='lat' dir='ltr'>a</span> <span class='ocrx_word' id='word_1_41' title='bbox 424 947 628 1008; x_wconf 84' lang='lat' dir='ltr'>meridionali</span> <span class='ocrx_word' id='word_1_42' title='bbox 651 947 756 1029; x_wconf 82' lang='lat' dir='ltr'>platee</span> <span class='ocrx_word' id='word_1_43' title='bbox 781 948 974 1024; x_wconf 87' lang='lat' dir='ltr'>communis,</span> <span class='ocrx_word' id='word_1_44' title='bbox 1006 967 1024 1007; x_wconf 88' lang='lat' dir='ltr'>a</span> <span class='ocrx_word' id='word_1_45' title='bbox 1056 947 1310 1028; x_wconf 77' lang='lat' dir='ltr'>septemtrionali</span> <span class='ocrx_word' id='word_1_46' title='bbox 1335 948 1418 1008; x_wconf 90' lang='lat' dir='ltr'>inter</span> <span class='ocrx_word' id='word_1_47' title='bbox 1451 947 1527 1010; x_wconf 80' lang='lat' dir='ltr'>fun·</span> 
     </span>
     <span class='ocr_line' id='line_1_7' title="bbox 259 1053 1525 1130; baseline 0.002 -16"><span class='ocrx_word' id='word_1_48' title='bbox 259 1053 336 1114; x_wconf 90' lang='lat' dir='ltr'>dum</span> <span class='ocrx_word' id='word_1_49' title='bbox 361 1068 469 1115; x_wconf 92' lang='lat' dir='ltr'>nostre</span> <span class='ocrx_word' id='word_1_50' title='bbox 493 1055 735 1116; x_wconf 77' lang='lat' dir='ltr'>communitatis</span> <span class='ocrx_word' id='word_1_51' title='bbox 765 1055 908 1116; x_wconf 88' lang='lat' dir='ltr'>habitam</span> <span class='ocrx_word' id='word_1_52' title='bbox 942 1069 973 1116; x_wconf 91' lang='lat' dir='ltr'>et</span> <span class='ocrx_word' id='word_1_53' title='bbox 1005 1054 1205 1130; x_wconf 83' lang='lat' dir='ltr'>existentem,</span> <span class='ocrx_word' id='word_1_54' title='bbox 1236 1053 1331 1114; x_wconf 91' lang='lat' dir='ltr'>simul</span> <span class='ocrx_word' id='word_1_55' title='bbox 1355 1072 1428 1115; x_wconf 91' lang='lat' dir='ltr'>cum</span> <span class='ocrx_word' id='word_1_56' title='bbox 1453 1073 1525 1116; x_wconf 90' lang='lat' dir='ltr'>om·</span> 
     </span>
     <span class='ocr_line' id='line_1_8' title="bbox 259 1159 1527 1240; baseline 0.003 -21"><span class='ocrx_word' id='word_1_57' title='bbox 259 1159 353 1220; x_wconf 90' lang='lat' dir='ltr'>nibus</span> <span class='ocrx_word' id='word_1_58' title='bbox 377 1159 521 1220; x_wconf 90' lang='lat' dir='ltr'>eiusdem</span> <span class='ocrx_word' id='word_1_59' title='bbox 546 1160 664 1221; x_wconf 89' lang='lat' dir='ltr'>domus</span> <span class='ocrx_word' id='word_1_60' title='bbox 687 1161 892 1239; x_wconf 81' lang='lat' dir='ltr'>utilitatibus,</span> <span class='ocrx_word' id='word_1_61' title='bbox 917 1160 1050 1240; x_wconf 84' lang='lat' dir='ltr'>juribus,</span> <span class='ocrx_word' id='word_1_62' title='bbox 1085 1160 1205 1237; x_wconf 91' lang='lat' dir='ltr'>usibus,</span> <span class='ocrx_word' id='word_1_63' title='bbox 1230 1160 1470 1240; x_wconf 74' lang='lat' dir='ltr'>integritatibus</span> <span class='ocrx_word' id='word_1_64' title='bbox 1493 1176 1527 1224; x_wconf 89' lang='lat' dir='ltr'>et</span> 
     </span>
     <span class='ocr_line' id='line_1_9' title="bbox 259 1244 1524 1351; baseline 0.001 -24"><span class='ocrx_word' id='word_1_65' title='bbox 259 1266 465 1348; x_wconf 88' lang='lat' dir='ltr'>pertinenciis</span> <span class='ocrx_word' id='word_1_66' title='bbox 489 1266 647 1327; x_wconf 87' lang='lat' dir='ltr'>universis</span> <span class='ocrx_word' id='word_1_67' title='bbox 674 1244 814 1349; x_wconf 74' lang='lat' dir='ltr'>provido</span> <span class='ocrx_word' id='word_1_68' title='bbox 846 1268 915 1328; x_wconf 92' lang='lat' dir='ltr'>viro</span> <span class='ocrx_word' id='word_1_69' title='bbox 938 1266 1076 1328; x_wconf 87' lang='lat' dir='ltr'>lohanni</span> <span class='ocrx_word' id='word_1_70' title='bbox 1110 1263 1272 1346; x_wconf 78' lang='lat' dir='ltr'>freniparo</span> <span class='ocrx_word' id='word_1_71' title='bbox 1297 1265 1524 1351; x_wconf 83' lang='lat' dir='ltr'>Tropsethyeh</span> 
     </span>
     <span class='ocr_line' id='line_1_10' title="bbox 258 1371 1521 1455; baseline 0.002 -23"><span class='ocrx_word' id='word_1_72' title='bbox 258 1373 355 1449; x_wconf 87' lang='lat' dir='ltr'>dicto,</span> <span class='ocrx_word' id='word_1_73' title='bbox 380 1373 501 1434; x_wconf 89' lang='lat' dir='ltr'>utiam</span> <span class='ocrx_word' id='word_1_74' title='bbox 526 1392 612 1434; x_wconf 89' lang='lat' dir='ltr'>novo</span> <span class='ocrx_word' id='word_1_75' title='bbox 637 1374 761 1435; x_wconf 87' lang='lat' dir='ltr'>concivi</span> <span class='ocrx_word' id='word_1_76' title='bbox 787 1389 908 1452; x_wconf 92' lang='lat' dir='ltr'>nostro,</span> <span class='ocrx_word' id='word_1_77' title='bbox 932 1394 969 1434; x_wconf 88' lang='lat' dir='ltr'>ac</span> <span class='ocrx_word' id='word_1_78' title='bbox 992 1392 1048 1455; x_wconf 92' lang='lat' dir='ltr'>per</span> <span class='ocrx_word' id='word_1_79' title='bbox 1073 1392 1146 1434; x_wconf 90' lang='lat' dir='ltr'>eum</span> <span class='ocrx_word' id='word_1_80' title='bbox 1172 1373 1238 1432; x_wconf 88' lang='lat' dir='ltr'>suis</span> <span class='ocrx_word' id='word_1_81' title='bbox 1261 1371 1434 1433; x_wconf 88' lang='lat' dir='ltr'>heredibus</span> <span class='ocrx_word' id='word_1_82' title='bbox 1458 1393 1521 1455; x_wconf 94' lang='lat' dir='ltr'>pro</span> 
     </span>
     <span class='ocr_line' id='line_1_11' title="bbox 259 1475 1523 1561; baseline 0.002 -23"><span class='ocrx_word' id='word_1_83' title='bbox 259 1476 329 1540; x_wconf 86' lang='lat' dir='ltr'>llor.</span> <span class='ocrx_word' id='word_1_84' title='bbox 354 1492 441 1556; x_wconf 90' lang='lat' dir='ltr'>octo,</span> <span class='ocrx_word' id='word_1_85' title='bbox 465 1492 496 1539; x_wconf 94' lang='lat' dir='ltr'>et</span> <span class='ocrx_word' id='word_1_86' title='bbox 519 1497 576 1561; x_wconf 92' lang='lat' dir='ltr'>per</span> <span class='ocrx_word' id='word_1_87' title='bbox 600 1479 739 1541; x_wconf 90' lang='lat' dir='ltr'>eundem</span> <span class='ocrx_word' id='word_1_88' title='bbox 763 1475 947 1541; x_wconf 86' lang='lat' dir='ltr'>Johnnnem</span> <span class='ocrx_word' id='word_1_89' title='bbox 965 1480 1060 1540; x_wconf 89' lang='lat' dir='ltr'>nobis</span> <span class='ocrx_word' id='word_1_90' title='bbox 1083 1499 1139 1539; x_wconf 92' lang='lat' dir='ltr'>seu</span> <span class='ocrx_word' id='word_1_91' title='bbox 1163 1479 1387 1539; x_wconf 83' lang='lat' dir='ltr'>communitati</span> <span class='ocrx_word' id='word_1_92' title='bbox 1413 1494 1523 1541; x_wconf 88' lang='lat' dir='ltr'>nostre</span> 
     </span>
     <span class='ocr_line' id='line_1_12' title="bbox 259 1583 1523 1667; baseline 0.003 -23"><span class='ocrx_word' id='word_1_93' title='bbox 259 1583 354 1665; x_wconf 91' lang='lat' dir='ltr'>plene</span> <span class='ocrx_word' id='word_1_94' title='bbox 378 1584 461 1645; x_wconf 89' lang='lat' dir='ltr'>datis</span> <span class='ocrx_word' id='word_1_95' title='bbox 483 1599 515 1645; x_wconf 92' lang='lat' dir='ltr'>et</span> <span class='ocrx_word' id='word_1_96' title='bbox 538 1585 710 1666; x_wconf 86' lang='lat' dir='ltr'>persolutis</span> <span class='ocrx_word' id='word_1_97' title='bbox 742 1585 948 1647; x_wconf 85' lang='lat' dir='ltr'>vendidimus</span> <span class='ocrx_word' id='word_1_98' title='bbox 980 1601 1011 1646; x_wconf 89' lang='lat' dir='ltr'>et</span> <span class='ocrx_word' id='word_1_99' title='bbox 1042 1585 1239 1646; x_wconf 78' lang='lat' dir='ltr'>conterimus</span> <span class='ocrx_word' id='word_1_100' title='bbox 1271 1585 1339 1663; x_wconf 87' lang='lat' dir='ltr'>jure</span> <span class='ocrx_word' id='word_1_101' title='bbox 1363 1600 1523 1667; x_wconf 91' lang='lat' dir='ltr'>perpetuo</span> 
     </span>
     <span class='ocr_line' id='line_1_13' title="bbox 259 1690 1523 1773; baseline 0.003 -23"><span class='ocrx_word' id='word_1_102' title='bbox 259 1704 291 1751; x_wconf 91' lang='lat' dir='ltr'>et</span> <span class='ocrx_word' id='word_1_103' title='bbox 314 1690 566 1752; x_wconf 81' lang='lat' dir='ltr'>irrevocabiliter</span> <span class='ocrx_word' id='word_1_104' title='bbox 597 1691 781 1769; x_wconf 88' lang='lat' dir='ltr'>tenendam,</span> <span class='ocrx_word' id='word_1_105' title='bbox 813 1691 1041 1773; x_wconf 76' lang='lat' dir='ltr'>possidendam</span> <span class='ocrx_word' id='word_1_106' title='bbox 1074 1692 1190 1772; x_wconf 88' lang='lat' dir='ltr'>pariter</span> <span class='ocrx_word' id='word_1_107' title='bbox 1222 1705 1253 1751; x_wconf 94' lang='lat' dir='ltr'>et</span> <span class='ocrx_word' id='word_1_108' title='bbox 1277 1690 1459 1752; x_wconf 85' lang='lat' dir='ltr'>habendam</span> <span class='ocrx_word' id='word_1_109' title='bbox 1486 1712 1523 1754; x_wconf 90' lang='lat' dir='ltr'>ac</span> 
     </span>
     <span class='ocr_line' id='line_1_14' title="bbox 259 1796 1523 1878; baseline 0.002 -22"><span class='ocrx_word' id='word_1_110' title='bbox 259 1796 344 1857; x_wconf 82' lang='lat' dir='ltr'>iuxta</span> <span class='ocrx_word' id='word_1_111' title='bbox 380 1796 606 1857; x_wconf 89' lang='lat' dir='ltr'>condicionem</span> <span class='ocrx_word' id='word_1_112' title='bbox 643 1798 780 1859; x_wconf 87' lang='lat' dir='ltr'>civitatis</span> <span class='ocrx_word' id='word_1_113' title='bbox 816 1812 982 1878; x_wconf 92' lang='lat' dir='ltr'>prenotate</span> <span class='ocrx_word' id='word_1_114' title='bbox 1026 1799 1065 1857; x_wconf 83' lang='lat' dir='ltr'>ab</span> <span class='ocrx_word' id='word_1_115' title='bbox 1102 1798 1236 1877; x_wconf 90' lang='lat' dir='ltr'>antiquo</span> <span class='ocrx_word' id='word_1_116' title='bbox 1276 1796 1523 1878; x_wconf 74' lang='lat' dir='ltr'>privilegialiter</span> 
     </span>
     <span class='ocr_line' id='line_1_15' title="bbox 259 1901 1523 1985; baseline 0.002 -22"><span class='ocrx_word' id='word_1_117' title='bbox 259 1903 469 1985; x_wconf 85' lang='lat' dir='ltr'>approbatam</span> <span class='ocrx_word' id='word_1_118' title='bbox 502 1903 811 1985; x_wconf 90' lang='lat' dir='ltr'>quomodocumque</span> <span class='ocrx_word' id='word_1_119' title='bbox 845 1903 983 1964; x_wconf 91' lang='lat' dir='ltr'>voluerit</span> <span class='ocrx_word' id='word_1_120' title='bbox 1015 1903 1262 1984; x_wconf 88' lang='lat' dir='ltr'>disponendam.</span> <span class='ocrx_word' id='word_1_121' title='bbox 1302 1903 1417 1962; x_wconf 90' lang='lat' dir='ltr'>Datum</span> <span class='ocrx_word' id='word_1_122' title='bbox 1444 1901 1523 1965; x_wconf 85' lang='lat' dir='ltr'>leria</span> 
     </span>
     <span class='ocr_line' id='line_1_16' title="bbox 258 2008 1522 2091; baseline 0.001 -21"><span class='ocrx_word' id='word_1_123' title='bbox 258 2024 345 2071; x_wconf 81' lang='lat' dir='ltr'>sexta</span> <span class='ocrx_word' id='word_1_124' title='bbox 370 2012 401 2070; x_wconf 94' lang='lat' dir='ltr'>in</span> <span class='ocrx_word' id='word_1_125' title='bbox 427 2009 568 2091; x_wconf 81' lang='lat' dir='ltr'>proiecto</span> <span class='ocrx_word' id='word_1_126' title='bbox 594 2009 831 2091; x_wconf 90' lang='lat' dir='ltr'>Concepcionis</span> <span class='ocrx_word' id='word_1_127' title='bbox 856 2012 946 2071; x_wconf 89' lang='lat' dir='ltr'>beate</span> <span class='ocrx_word' id='word_1_128' title='bbox 974 2011 1072 2070; x_wconf 89' lang='lat' dir='ltr'>Marie</span> <span class='ocrx_word' id='word_1_129' title='bbox 1097 2009 1242 2089; x_wconf 79' lang='lat' dir='ltr'>virginis.</span> <span class='ocrx_word' id='word_1_130' title='bbox 1268 2016 1363 2070; x_wconf 77' lang='lat' dir='ltr'>Anno</span> <span class='ocrx_word' id='word_1_131' title='bbox 1389 2008 1522 2073; x_wconf 87' lang='lat' dir='ltr'>Domini</span> 
     </span>
     <span class='ocr_line' id='line_1_17' title="bbox 259 2116 912 2197; baseline 0 -20"><span class='ocrx_word' id='word_1_132' title='bbox 259 2116 434 2177; x_wconf 88' lang='lat' dir='ltr'>millesimo</span> <span class='ocrx_word' id='word_1_133' title='bbox 458 2116 719 2197; x_wconf 85' lang='lat' dir='ltr'>quingentesimo</span> <span class='ocrx_word' id='word_1_134' title='bbox 744 2117 912 2196; x_wconf 85' lang='lat' dir='ltr'>vigesimo.</span> 
     </span>
    </p>
   </div>
   <div class='ocr_carea' id='block_1_3' title="bbox 0 0 1718 5256">
    <p class='ocr_par' dir='ltr' id='par_1_3' title="bbox 0 0 1718 5256">
     <span class='ocr_line' id='line_1_18' title="bbox 0 0 1718 5256; baseline 0 0"><span class='ocrx_word' id='word_1_135' title='bbox 0 0 1718 5256; x_wconf 95' lang='lat' dir='ltr'> </span> 
     </span>
    </p>
   </div>
  </div>
 </body>
</html>
