3428 5256
227 361 285 421 ¹42
770 342 951 401 luventatis.

327 553 404 616 Item
437 554 518 614 alius
551 553 632 614 liber
663 552 869 633 questionum
901 546 996 634 super
1030 553 1113 614 libro
1139 552 1357 630 Summarum,
1382 564 1414 613 et
1438 551 1488 612 iu·

221 661 299 743 cipit
330 674 423 722 nota:
458 658 551 720 »fidei
586 657 756 720 christiane
781 659 982 740 discipline«,
1016 671 1047 720 et
1079 659 1110 719 in
1142 657 1204 720 fine
1241 659 1343 740 prime
1368 657 1488 740 pagine

220 766 353 828 secundi
378 765 446 827 Iolii
472 763 559 828 finit:
599 765 692 827 ›ideo
725 785 790 827 non
824 765 897 843 de«,
922 779 953 826 et
986 765 1016 826 in
1050 763 1113 827 fine
1144 765 1217 827 libri
1243 765 1329 828 finit:
1357 763 1488 826 »finitur

222 873 303 934 istud
329 869 560 934 simbolum‹.¹

331 978 407 1039 Item
432 979 513 1038 liber
538 975 710 1058 Alphabeti
737 976 769 1037 in
802 990 867 1037 arte
898 977 1147 1054 sermocinandi,
1180 976 1300 1038 habens
1323 975 1484 1058 principia

222 1104 408 1147 sermonum
434 1085 466 1145 in
498 1083 657 1166 principIo
690 1102 746 1164 per
777 1096 881 1144 totum
914 1102 1045 1159 annum,
1074 1097 1104 1143 et
1129 1083 1240 1165 incipit
1272 1083 1303 1145 in
1328 1083 1486 1167 prologo:

226 1191 423 1252 »Plurimum
442 1189 567 1251 dilectis
592 1202 622 1251 et
639 1188 843 1269 diligendis‹‚
877 1203 906 1248 er
938 1189 970 1249 in
1005 1187 1067 1250 fine
1102 1189 1176 1250 libri
1200 1187 1288 1252 finit:
1326 1188 1384 1251 ›ad
1410 1207 1485 1250 con·

221 1296 399 1358 leccionem
435 1309 540 1357 autem
574 1294 669 1356 huius
693 1294 884 1356 medicine«.

329 1402 406 1465 Item
418 1402 529 1464 Flores
538 1401 702 1478 Bernardi,
713 1415 744 1463 et
754 1401 865 1481 incipit
874 1401 905 1462 in
917 1401 1027 1482 nigro:
1042 1400 1145 1463 »Cum
1157 1421 1221 1462 non
1232 1420 1333 1462 essem
1343 1401 1438 1462 alicui
1454 1401 1486 1463 in

223 1509 412 1586 exerciciei,
436 1524 466 1573 et
491 1509 523 1569 in
548 1506 612 1569 fine
643 1507 745 1589 prime
778 1507 893 1588 pagine
925 1508 1056 1568 secundi
1090 1505 1159 1568 Iolii
1184 1506 1270 1570 finit:
1298 1509 1349 1568 ›in
1375 1505 1485 1570 futuro

223 1616 313 1677 sicuti
340 1629 418 1693 est«,
444 1628 474 1675 et
499 1615 529 1676 in
555 1613 617 1676 fine
643 1614 716 1675 libri
741 1613 828 1676 finit:
852 1614 947 1695 ›quia
972 1634 1048 1675 vero
1073 1615 1194 1695 ubique
1219 1613 1398 1696 periculo«.

328 1720 404 1782 Item
431 1720 529 1801 Hugo
554 1721 593 1782 de
617 1719 834 1797 sacramentis,
860 1738 933 1780 cum
959 1720 1030 1780 aliis
1046 1720 1199 1801 operibus
1216 1720 1292 1799 suis,
1317 1734 1348 1781 et
1372 1719 1485 1801 incipit

225 1828 255 1887 in
274 1827 383 1907 nigro:
414 1827 502 1887 »Due
528 1826 678 1908 precipue
703 1845 752 1886 res
775 1826 855 1886 sint«
885 1841 915 1887 et
940 1826 971 1885 in
996 1823 1058 1887 fine
1083 1826 1184 1907 prime
1209 1826 1326 1908 pagine
1350 1824 1483 1887 secundi

223 1932 292 1995 lolii
319 1933 404 1995 finit:
435 1932 671 2015 ›Philosophya
697 1945 775 2008 est«,
800 1945 830 1992 et
848 1932 880 1992 in
909 1931 972 1992 fine
990 1932 1062 1993 libri
1087 1930 1173 1994 finit:
1203 1952 1277 2014 »per
1301 1947 1414 1993 cuncta
1438 1951 1487 1993 se·

224 2039 370 2102 culorum
396 2039 535 2101 secula«.

330 2147 406 2208 Item
432 2146 627 2220 Questiones
650 2167 746 2229 super
770 2160 911 2228 quatuor
936 2145 1026 2206 libris
1059 2147 1277 2224 Summarum,
1302 2161 1334 2209 et
1357 2147 1489 2228 incipit:

227 2253 396 2314 »Transire
420 2253 458 2313 ad
485 2272 536 2313 me
568 2272 715 2328 omnese,
747 2268 777 2314 et
810 2254 841 2313 in
875 2251 936 2314 fine
969 2253 1070 2333 prime
1104 2253 1219 2332 pagine
1252 2252 1383 2314 secundi
1420 2251 1489 2314 folii

224 2357 312 2421 finit:
341 2359 496 2420 ’sciencia
522 2359 655 2420 collecta
681 2359 720 2419 de
745 2359 867 2434 libris«,
892 2373 922 2447 et
955 2359 986 2419 in
1011 2357 1073 2419 fine
1103 2359 1174 2419 libri
1199 2357 1286 2421 finit:
1315 2359 1488 2420 »omnibus

225 2464 299 2526 insit
324 2465 373 2526 vel
399 2465 487 2546 quod
512 2485 528 2525 a
555 2479 664 2526 natura
690 2465 786 2542 sint«,
811 2465 932 2525 habens
950 2465 979 2524 iu
1010 2463 1070 2525 fine
1089 2465 1227 2546 capitula
1254 2461 1489 2546 questionum.²

330 2570 407 2632 Item
433 2571 514 2631 Iiber
532 2571 642 2631 Isidori
669 2571 707 2631 de
732 2590 882 2652 sumpmo
900 2573 998 2648 bonu,
1016 2572 1145 2653 incipit:
1174 2571 1335 2632 »Domino
1359 2585 1488 2632 sanctus

226 2677 378 2752 meritis«,
405 2677 442 2737 de
468 2697 577 2757 grossa
595 2678 696 2752 litera,
715 2692 746 2737 et
771 2678 801 2737 in
819 2676 882 2737 fine
907 2678 1008 2758 prime
1027 2678 1143 2759 pagine
1161 2677 1292 2738 secundi
1310 2674 1379 2738 Iolii
1398 2674 1488 2739 finit:

228 2785 377 2846 »honoris
401 2799 476 2845 tunc
501 2786 661 2866 penitus‹,
686 2800 717 2845 et
742 2786 772 2844 in
798 2783 861 2845 fine
880 2784 952 2844 libri
979 2783 1064 2846 finit:
1088 2783 1290 2845 sletificando
1314 2783 1484 2846 includit«.

332 2891 409 2952 Item
434 2890 515 2952 liber
541 2890 651 2952 Isidori
677 2906 708 2951 et
724 2890 970 2952 ethemoliarum
987 2896 1063 2968 (sic),
1081 2892 1112 2951 ln
1138 2891 1296 2972 principio
1322 2891 1483 2973 quendam

223 3010 401 3075 tractatum,
419 2998 529 3078 incipit
555 2998 593 3057 de
618 3017 753 3079 procesu
782 2996 935 3078 (spiritus)
957 2998 1071 3072 sancti,
1097 3010 1205 3058 contra
1231 2996 1363 3074 Grecos,
1388 3011 1419 3058 et
1444 2997 1491 3058 in·

227 3104 320 3185 cipit:
350 3104 543 3184 »Disciplina
569 3124 586 3164 a
610 3103 763 3164 discendo
788 3123 906 3164 nomen
935 3104 1087 3184 accepit«,
1113 3117 1143 3164 et
1165 3103 1196 3164 in
1214 3101 1276 3164 fine
1300 3103 1373 3164 libri
1398 3101 1484 3165 finit:

230 3210 382 3270 »calcaria
406 3209 489 3269 dicta
514 3210 588 3289 quia
614 3210 644 3269 in
671 3210 789 3285 calce«,
815 3224 845 3269 et
869 3224 915 3269 est
944 3210 982 3270 de
1007 3210 1096 3270 litera
1122 3210 1263 3290 antiqua.

333 3314 409 3375 Item
435 3334 535 3375 unum
553 3315 704 3376 volumen
724 3335 856 3395 parvum
876 3316 1045 3376 continens
1064 3316 1170 3397 plures
1187 3316 1373 3396 questiones
1389 3334 1485 3397 super

227 3424 310 3484 libro
336 3422 553 3499 Summarum,
579 3436 609 3482 et
633 3423 664 3481 in
690 3422 794 3503 primo
818 3422 921 3482 deleta
955 3436 1010 3498 est,
1036 3438 1064 3483 et
1098 3423 1128 3482 in
1154 3421 1216 3483 fine
1242 3422 1343 3504 prime
1368 3421 1484 3503 pagine

227 3528 327 3588 eciam
352 3524 421 3587 lolii
446 3526 528 3589 finit:
558 3527 664 3607 »quod
690 3547 772 3587 unus
796 3527 883 3587 solus
900 3528 979 3588 deus
1004 3543 1081 3603 est‹,
1108 3543 1137 3588 et
1156 3529 1186 3588 in
1212 3525 1274 3588 fine
1300 3527 1372 3588 libri
1397 3526 1484 3591 finit:

231 3649 280 3694 »et
304 3635 334 3693 in
361 3634 400 3694 ad
425 3633 575 3713 gaudiar,
600 3647 747 3714 copertus
772 3635 938 3695 asseribus.

335 3740 409 3800 Item
438 3760 500 3800 una
524 3741 613 3821 glosa
638 3759 733 3821 super
758 3741 841 3801 libro
867 3741 1054 3822 Apokalipsi
1090 3743 1259 3804 confinens
1284 3742 1383 3803 eciam
1408 3760 1485 3822 que·

228 3846 301 3905 darn
328 3847 389 3906 ulia
414 3847 568 3927 opuscula
595 3846 624 3905 in
652 3845 724 3922 fine,
760 3846 879 3907 habens
911 3848 1010 3908 eciam
1047 3849 1076 3908 in
1112 3848 1173 3909 fine
1205 3867 1386 3930 sumpmam
1411 3866 1486 3908 con·

228 3951 383 4025 fessionis,
409 3967 439 4013 et
463 3953 592 4033 incipit:
608 3952 964 4033 »Apokalipsislhesu‹,
979 3969 1008 4014 et
1029 3955 1057 4013 in
1084 3953 1170 4034 (fine)
1183 3954 1284 4034 prime
1300 3954 1415 4034 pagine
1439 3972 1487 4014 se·

228 4058 323 4119 cundi
350 4058 417 4117 Iulii
444 4056 530 4119 finit:
559 4073 608 4118 »et
634 4059 767 4119 mundat
785 4078 843 4118 nos
868 4060 907 4118 ab
932 4061 1019 4119 omni
1040 4074 1203 4139 peccato«,
1229 4060 1307 4120 etin
1333 4057 1397 4120 fine
1415 4054 1487 4120 libri

228 4162 314 4224 finit:
343 4165 385 4224 »si
413 4184 466 4223 cor
492 4184 554 4224 non
581 4165 626 4224 ori
653 4166 836 4241 concordat,
860 4165 953 4225 fessio
979 4180 1112 4241 totam«,
1131 4165 1251 4225 habens
1277 4165 1307 4223 in
1334 4185 1366 4225 se
1391 4184 1487 4245 opus·

228 4269 354 4331 culum:
382 4270 569 4330 Instanciam
595 4270 774 4331 salvatoris.

336 4375 413 4436 Item
441 4396 523 4436 unus
548 4377 627 4436 liber
652 4379 857 4457 questionum
893 4378 1110 4453 Summarum,
1141 4389 1172 4436 et
1204 4374 1299 4436 habet
1324 4376 1353 4435 in
1379 4395 1412 4435 se
1437 4396 1487 4436 ex·

337 4569 343 4595 ¹
363 4566 395 4618 In
415 4565 544 4637 margine
565 4567 620 4620 aha
639 4584 739 4621 manu:
759 4567 811 4621 Est
828 4567 901 4622 Iiber
916 4564 1057 4639 Johannis
1071 4564 1209 4621 Cantoria
1228 4564 1265 4619 de
1284 4563 1421 4618 mandato
1437 4564 1488 4620 do·

228 4654 297 4710 mini
316 4654 475 4710 Eberhardi
496 4655 590 4710 eidem
610 4656 768 4711 restitutus.

227 4821 308 4872 tum
336 4747 345 4775 ²
364 4745 397 4798 In
416 4744 546 4817 margine
566 4744 622 4799 alia
641 4761 740 4799 manu:
760 4745 812 4800 Est
831 4745 961 4801 eiusdem
980 4741 1118 4799 Cantoria
1140 4741 1272 4799 similiter
1292 4740 1386 4797 eidem
1405 4742 1489 4799 resti·
