3428 5256
224 253 289 333 ,298
772 252 930 326 Rationes.

240 532 259 539 ,,
294 537 299 549 ,
334 468 410 528 Item
444 466 521 529 feria
554 482 666 549 quarta
699 480 771 549 post
802 466 918 530 lestum
951 470 1036 531 beati
1066 469 1189 533 Vrbani
1221 490 1324 554 pape,
1350 476 1520 554 martiris,

227 573 300 653 dedi
327 573 461 636 domino
487 573 607 636 Mathie
641 576 763 637 cantori
794 574 864 639 flor.
898 576 1062 655 sexaginta
1095 576 1177 638 duos
1207 590 1239 639 et
1262 579 1426 655 medium
1455 602 1519 665 pro

224 680 559 762 ,comparando-cutes
584 680 736 743 videlicet
759 680 800 743 de
824 701 1031 764 pargameno.

333 788 408 849 Item
442 787 556 849 eodem
590 787 641 849 die
667 787 829 870 Stephano
855 788 981 850 literato
1013 788 1082 852 flor.
1112 788 1165 872 Ilj,
1193 802 1224 851 et
1246 788 1323 853 VIII
1355 793 1423 857 sol.
1452 814 1516 877 pro

226 893 453 975 comparandis
478 895 621 955 incausto
646 907 678 956 et
701 894 850 958 cinibri0.

329 997 409 1062 Item
436 1000 541 1062 eidem
567 1020 625 1082 pro
650 999 803 1061 kathedra
828 1000 888 1061 sibi
922 998 1002 1062 facta
1028 1000 1098 1065 flor.
1124 1001 1280 1067 medium.

269 1144 272 1151 .
332 1107 408 1169 Item
434 1109 548 1169 iterum
582 1107 655 1169 dedi
682 1107 845 1190 Stephano
877 1108 1003 1171 literato
1029 1110 1175 1191 scriptori
1206 1110 1447 1196 Antiphonarii
1474 1114 1507 1175 in

224 1213 366 1296 profesto
392 1216 559 1276 beatorum
585 1214 725 1297 Philippi
750 1227 781 1276 et
804 1215 915 1277 Jacobi
940 1217 1162 1297 apostolorum
1191 1215 1261 1278 Ilor.
1287 1218 1457 1299 quiaque.

331 1321 408 1383 Item
434 1321 508 1383 dedi
532 1322 615 1383 circa
641 1320 758 1383 festum
782 1322 866 1383 beati
893 1322 976 1384 Petri
1010 1336 1041 1385 et
1065 1323 1156 1385 Pauli
1182 1322 1412 1406 apostolorum
1441 1327 1503 1387 do-

226 1429 314 1489 mioo
342 1430 495 1510 magistro
521 1429 621 1490 Paulo
646 1429 685 1489 de
708 1429 841 1511 Roycha
865 1430 1022 1492 canonico
1040 1431 1173 1492 ecclesie
1198 1431 1434 1513 zagrabiensis,
1460 1434 1501 1495 de

225 1535 376 1596 mandato
402 1535 609 1606 dominorum
643 1535 683 1597 de
707 1535 870 1618 Capitulo,
902 1551 1015 1599 mutuo
1047 1537 1116 1602 flor.
1151 1537 1329 1618 nonaginta
1364 1552 1432 1599 tres
1457 1539 1500 1601 de

224 1642 368 1721 pecuniis
392 1641 536 1719 ecclesie,
560 1656 600 1730 et⁴
617 1642 752 1703 habetur
775 1642 967 1723 obligatoria
993 1643 1148 1725 Capituli.

330 1748 407 1809 Item
441 1749 529 1831 prius
560 1749 642 1810 circa
682 1748 797 1811 festum
833 1748 1072 1812 Purificacionis
1103 1751 1201 1813 Marie
1234 1750 1386 1813 dederam
1422 1751 1496 1813 flor.

224 1855 459 1935 quinquaginta
483 1869 597 1917 mutuo
620 1854 761 1916 domiuis
785 1855 823 1915 de
850 1855 1014 1936 Capitulo,
1032 1857 1087 1937 qui
1112 1870 1186 1919 sunt
1209 1855 1275 1918 dati
1300 1856 1445 1939 lapicide
1463 1873 1496 1920 et

225 1959 358 2021 habetur
383 1961 575 2042 obligatoria
600 1961 753 2042 Capituli.

329 2067 405 2128 Item
432 2069 547 2128 iterum
573 2067 647 2128 dedi
672 2068 808 2150 lapicide
833 2068 901 2130 flor.
926 2069 1015 2130 XXV
1039 2070 1120 2130 circa
1150 2067 1265 2131 festum
1291 2069 1376 2130 beati
1405 2069 1493 2132 Lau·

226 2173 325 2235 rencii
351 2174 489 2235 martiiis
517 2195 608 2254 ¹50¹·

328 2280 405 2341 Item
431 2281 584 2362 magistro
610 2280 777 2342 Anthonio
810 2281 967 2341 canonico
991 2281 1061 2344 flor.
1086 2282 1125 2345 X.

328 2387 406 2448 Item
430 2387 469 2447 ad
494 2387 719 2469 stipendiarios
743 2386 877 2448 ecclesie
903 2388 1034 2468 exposui
1060 2387 1128 2450 flor.
1154 2387 1260 2448 lcxlll.

333 2514 423 2573 1501.
450 2494 591 2554 Sabbato
616 2508 686 2574 post
711 2492 879 2554 Elizabeth
903 2494 998 2554 vidue
1017 2493 1090 2554 dedi
1117 2514 1174 2575 pro
1199 2494 1352 2574 magistro
1379 2494 1489 2558 lhero-

222 2589 311 2661 riinro
336 2601 499 2681 organista
525 2600 593 2663 flor.
620 2615 683 2660 tres
708 2620 765 2680 pro
798 2601 945 2681 expensis
977 2599 1015 2659 ad
1051 2600 1255 2683 Marpurgam
1281 2619 1340 2679 pro
1364 2600 1491 2663 condu-

221 2707 324 2767 cendo
349 2708 549 2788 organistam
575 2722 633 2768 etc.

334 2835 341 2872 ι
352 2832 424 2892 502.
450 2813 483 2873 In
514 2811 595 2873 Iesto
629 2815 719 2872 beate
754 2812 857 2871 Prisce
890 2811 1023 2891 virgInis
1054 2823 1085 2870 et
1116 2811 1265 2890 marritis,
1286 2810 1318 2871 in
1343 2811 1495 2874 sacristia.

223 2919 302 2979 lacta
328 2918 387 2980 fuit
419 2921 596 2981 convenci0
629 2938 686 2999 pro
719 2918 953 2979 restauracione
985 2919 1096 2998 organi
1131 2937 1203 2979 cum
1237 2915 1392 2997 M(atheo)
1427 2936 1491 2999 pro

225 3026 292 3087 llor.
328 3026 513 3086 LIIIIXXII.

328 3131 404 3191 Item
431 3147 505 3191 tunc
523 3131 596 3191 dedi
623 3150 679 3211 pro
698 3151 765 3191 arra
784 3130 851 3191 llor.
879 3131 899 3208 I,
925 3145 954 3190 et
980 3131 1094 3192 iterum
1120 3130 1188 3190 llor.
1213 3150 1266 3191 sex
1292 3132 1438 3211 exposuI.

330 3237 388 3296 Ista
414 3237 559 3317 superius
584 3251 691 3297 notata
724 3256 778 3317 per
811 3251 913 3297 totum
946 3253 1019 3297 sunt
1051 3236 1165 3318 scripta
1198 3255 1254 3317 per
1279 3255 1393 3297 manus
1418 3257 1487 3301 ma·

224 3344 312 3422 gistri
340 3343 458 3403 Mathei
484 3343 598 3402 notarii
625 3343 770 3403 canonici
797 3343 826 3402 in
853 3344 992 3402 sacristia
1022 3343 1060 3402 de
1086 3341 1238 3403 mandatu
1263 3340 1487 3423 dominorum,

224 3466 255 3509 ut
282 3463 366 3529 putet
392 3450 423 3508 iu
450 3450 581 3528 registro
607 3450 752 3529 antiquo,
784 3449 871 3529 quod
905 3451 1055 3528 magister
1081 3450 1182 3509 leucas
1204 3445 1322 3510 fecerat
1345 3449 1486 3512 scribere

222 3576 276 3636 per
302 3556 470 3615 dominum
497 3554 758 3616 archidiaconum
793 3555 1057 3616 Bartholomeum
1090 3557 1308 3617 chasmensem
1334 3556 1485 3621 condam.

327 3663 522 3741 Sequuntur,
547 3682 609 3741 que
634 3681 694 3741 ego
720 3661 883 3722 Iohannes
915 3662 1129 3721 kamarccnsis
1154 3662 1299 3743 percepi:

224 3856 442 3930 Introitus‚
468 3871 755 3935 perceptaque
788 3874 857 3936 per
890 3856 1202 3915 kamarcensem
1230 3854 1484 3917 Iohannem:

328 3998 434 4056 l'rimo
461 3996 570 4056 habuit
596 3997 625 4057 in
652 3997 792 4057 sacristia
817 3996 886 4057 llor.
912 4012 1038 4057 centum
1066 3998 1299 4078 quinquaginta
1323 4017 1424 4059 unum
1450 4014 1483 4061 et

220 4104 362 4162 medium
390 4105 419 4162 in
447 4102 587 4184 prol'esto
621 4104 789 4164 'Ihihurcii
823 4118 854 4164 et
887 4103 1048 4164 Valeriani
1083 4105 1246 4165 nrurtirum
1272 4123 1358 4164 anno
1385 4124 1480 4185 1500,

220 4222 252 4268 ut
278 4224 363 4288 patet
388 4209 503 4269 clarius
529 4210 559 4267 in
585 4224 672 4290 parte
697 4209 848 4270 auteriori
878 4207 946 4270 Iulii
973 4211 1137 4290 presentis.

325 4335 352 4376 a.
381 4316 509 4375 llomiui
537 4316 663 4376 lecturis
689 4316 770 4376 I'etri
797 4314 864 4378 flor.
887 4316 1011 4396 vigimi.

327 4443 352 4501 3.
379 4422 519 4500 Magistri
548 4422 633 4481 Luce
658 4422 726 4483 Ilor.
747 4421 898 4484 sedecim.

324 4548 352 4602 4.
379 4527 462 4587 Pena
489 4528 629 4606 magistri
656 4528 788 4589 Fabiani
815 4528 884 4593 flor.
913 4530 1124 4610 septuaginta.

326 4656 353 4712 5.
380 4635 520 4715 Magistri
547 4635 701 4696 Anthonii
728 4635 767 4696 de
793 4635 990 4715 Megetewcz
1015 4636 1085 4696 llor.
1112 4635 1149 4695 Χ.

323 4740 352 4799 ri.
380 4739 522 4819 Magistri
548 4740 637 4801 Pauli
663 4740 802 4823 Zythecz
826 4740 895 4804 llor.
920 4740 1019 4802 XXV.
