3428 5256
506 1358 634 1458 (Anno
662 1357 818 1446 Domini
844 1354 1208 1458 MGGGGLXXXII.)

769 1590 828 1667 (15.
852 1591 981 1666 aprilis).

350 1747 425 1808 ltem
452 1748 482 1807 in
501 1766 586 1807 anno
605 1747 735 1807 Domini
755 1748 928 1810 millesimo
946 1729 1267 1829 quadringentesimo
1284 1748 1506 1830 octuagesimo

244 1854 397 1930 secondo,
423 1853 499 1914 leria
524 1853 663 1915 secunda
688 1854 833 1935 proxima
859 1870 929 1937 post
954 1855 1168 1917 dominicam:
1199 1855 1300 1928 Quasi
1326 1853 1426 1916 modo
1449 1873 1505 1936 ge-

244 1960 312 2037 niti,
338 1975 482 2041 tempore
507 1959 665 2039 judicatus
689 1960 815 2042 providi
841 1960 971 2042 Georgii
998 1960 1054 2022 filii
1081 1961 1156 2039 Viti,
1181 1961 1271 2022 litere
1297 1959 1422 2042 providi
1448 1961 1505 2021 Ni·

244 2067 325 2127 colai
352 2065 505 2127 Hortvath
531 2066 570 2126 de
597 2064 718 2142 Othoir,
751 2067 893 2127 concivis
918 2068 1028 2144 nostri,
1061 2087 1157 2148 super
1189 2067 1288 2128 domo
1314 2085 1382 2144 sua,
1407 2085 1506 2147 quarn

242 2175 282 2234 ab
307 2172 440 2234 honesta
467 2173 600 2233 muliere
618 2172 727 2233 relicta
754 2173 916 2234 Dorothea
935 2174 1072 2234 condam
1098 2173 1227 2234 Thome
1247 2172 1393 2250 Cheden,
1409 2169 1506 2235 simul

244 2298 315 2340 cum
342 2279 480 2359 quadam
517 2278 659 2339 stacione
692 2277 797 2357 lignea
830 2298 866 2339 ac
902 2277 1003 2339 londo
1037 2293 1067 2340 et
1103 2277 1259 2339 hedificiis
1283 2278 1399 2358 ligneis
1426 2278 1509 2340 inter

243 2385 376 2446 domum
402 2400 559 2446 muratam
577 2385 752 2446 liberorum
778 2405 833 2445 seu
851 2404 1068 2446 successorum
1087 2385 1164 2446 olim
1191 2384 1315 2446 Nicolai
1342 2381 1507 2461 aurifabri,

244 2494 282 2553 ab
308 2513 381 2570 ona,
407 2492 557 2553 videlicet
581 2491 834 2573 septemtrionali
855 2506 954 2572 parte,
972 2506 1001 2552 et
1027 2491 1108 2552 inter
1125 2491 1258 2552 domum
1276 2503 1308 2551 et
1332 2489 1506 2551 stacionem

243 2598 390 2659 similiter
415 2599 554 2677 ligneam
580 2617 616 2657 ac
641 2595 776 2657 fundum
804 2611 833 2656 et
858 2594 1006 2656 hedificia
1039 2596 1137 2676 lignei
1163 2596 1269 2677 operis
1293 2595 1351 2658 viri
1378 2595 1506 2677 providi

243 2717 273 2763 et
298 2704 422 2765 honesti
449 2704 532 2765 Petri
559 2702 755 2785 purgartoris
778 2702 961 2782 gladiorum
997 2702 1197 2779 existentem,
1229 2701 1384 2781 habitam,
1416 2702 1507 2781 emit,

242 2824 316 2869 sunt
340 2809 496 2890 sigillate3
522 2809 594 2869 ideo
618 2823 692 2868 sunt
716 2807 775 2868 sibi
796 2808 885 2867 litere
913 2806 1121 2889 privilegialis
1145 2827 1242 2889 super
1266 2807 1378 2869 eadem
1404 2805 1506 2867 domo

244 2916 416 2977 extradate.
