<?xml version="1.0" encoding="UTF-8"?>
<!DOCTYPE html PUBLIC "-//W3C//DTD XHTML 1.0 Transitional//EN"
    "http://www.w3.org/TR/xhtml1/DTD/xhtml1-transitional.dtd">
<html xmlns="http://www.w3.org/1999/xhtml" xml:lang="en" lang="en">
 <head>
  <title>
</title>
<meta http-equiv="Content-Type" content="text/html;charset=utf-8" />
  <meta name='ocr-system' content='tesseract 3.04.00' />
  <meta name='ocr-capabilities' content='ocr_page ocr_carea ocr_par ocr_line ocrx_word'/>
</head>
<body>
  <div class='ocr_page' id='page_1' title='image "./monumentahistor02laszgoog_0132.png"; bbox 0 0 3428 5256; ppageno 0'>
   <div class='ocr_carea' id='block_1_1' title="bbox 741 357 1473 443">
    <p class='ocr_par' dir='ltr' id='par_1_1' title="bbox 741 357 1473 443">
     <span class='ocr_line' id='line_1_1' title="bbox 741 357 1473 443; baseline 0.012 -29"><span class='ocrx_word' id='word_1_1' title='bbox 741 357 828 415; x_wconf 80' lang='lat' dir='ltr'>Anno</span> <span class='ocrx_word' id='word_1_2' title='bbox 849 369 942 435; x_wconf 76' lang='lat'><em>1504.</em></span> <span class='ocrx_word' id='word_1_3' title='bbox 1433 362 1473 443; x_wconf 87' lang='lat'>83</span> 
     </span>
    </p>
   </div>
   <div class='ocr_carea' id='block_1_2' title="bbox 202 564 1475 4156">
    <p class='ocr_par' dir='ltr' id='par_1_2' title="bbox 204 564 1475 1080">
     <span class='ocr_line' id='line_1_2' title="bbox 204 564 1475 654; baseline 0.006 -27"><span class='ocrx_word' id='word_1_4' title='bbox 204 564 307 647; x_wconf 78' lang='lat' dir='ltr'>plagis</span> <span class='ocrx_word' id='word_1_5' title='bbox 342 564 499 626; x_wconf 82' lang='lat' dir='ltr'>heredum</span> <span class='ocrx_word' id='word_1_6' title='bbox 534 565 671 628; x_wconf 89' lang='lat' dir='ltr'>condam</span> <span class='ocrx_word' id='word_1_7' title='bbox 706 567 805 628; x_wconf 85' lang='lat' dir='ltr'>Marci</span> <span class='ocrx_word' id='word_1_8' title='bbox 839 566 959 646; x_wconf 89' lang='lat' dir='ltr'>ltalici,</span> <span class='ocrx_word' id='word_1_9' title='bbox 992 571 1031 630; x_wconf 90' lang='lat' dir='ltr'>ab</span> <span class='ocrx_word' id='word_1_10' title='bbox 1064 569 1256 632; x_wconf 90' lang='lat' dir='ltr'>occidentali</span> <span class='ocrx_word' id='word_1_11' title='bbox 1285 592 1361 634; x_wconf 90' lang='lat' dir='ltr'>vero</span> <span class='ocrx_word' id='word_1_12' title='bbox 1386 587 1475 654; x_wconf 88' lang='lat' dir='ltr'>parte</span> 
     </span>
     <span class='ocr_line' id='line_1_3' title="bbox 209 670 1474 757; baseline 0.006 -25"><span class='ocrx_word' id='word_1_13' title='bbox 209 670 313 754; x_wconf 84' lang='lat' dir='ltr'>platea</span> <span class='ocrx_word' id='word_1_14' title='bbox 338 671 532 750; x_wconf 89' lang='lat' dir='ltr'>communis,</span> <span class='ocrx_word' id='word_1_15' title='bbox 556 673 698 735; x_wconf 81' lang='lat' dir='ltr'>habitam</span> <span class='ocrx_word' id='word_1_16' title='bbox 723 689 754 734; x_wconf 91' lang='lat' dir='ltr'>et</span> <span class='ocrx_word' id='word_1_17' title='bbox 776 673 976 752; x_wconf 81' lang='lat' dir='ltr'>existentem,</span> <span class='ocrx_word' id='word_1_18' title='bbox 993 674 1117 757; x_wconf 86' lang='lat' dir='ltr'>prelato</span> <span class='ocrx_word' id='word_1_19' title='bbox 1142 676 1276 738; x_wconf 91' lang='lat' dir='ltr'>domino</span> <span class='ocrx_word' id='word_1_20' title='bbox 1301 677 1424 740; x_wconf 90' lang='lat' dir='ltr'>doctori</span> <span class='ocrx_word' id='word_1_21' title='bbox 1443 693 1474 740; x_wconf 91' lang='lat' dir='ltr'>et</span> 
     </span>
     <span class='ocr_line' id='line_1_4' title="bbox 209 778 1473 865; baseline 0.006 -27"><span class='ocrx_word' id='word_1_22' title='bbox 209 779 341 840; x_wconf 88' lang='lat' dir='ltr'>domine</span> <span class='ocrx_word' id='word_1_23' title='bbox 366 778 504 861; x_wconf 87' lang='lat' dir='ltr'>Mylicza</span> <span class='ocrx_word' id='word_1_24' title='bbox 529 794 641 841; x_wconf 89' lang='lat' dir='ltr'>vocate</span> <span class='ocrx_word' id='word_1_25' title='bbox 657 779 714 862; x_wconf 83' lang='lat' dir='ltr'>(et)</span> <span class='ocrx_word' id='word_1_26' title='bbox 738 799 795 861; x_wconf 91' lang='lat' dir='ltr'>per</span> <span class='ocrx_word' id='word_1_27' title='bbox 811 799 867 842; x_wconf 91' lang='lat' dir='ltr'>eos</span> <span class='ocrx_word' id='word_1_28' title='bbox 884 781 1026 863; x_wconf 91' lang='lat' dir='ltr'>ipsorum</span> <span class='ocrx_word' id='word_1_29' title='bbox 1052 782 1225 845; x_wconf 85' lang='lat' dir='ltr'>heredibus</span> <span class='ocrx_word' id='word_1_30' title='bbox 1249 804 1307 865; x_wconf 94' lang='lat' dir='ltr'>pro</span> <span class='ocrx_word' id='word_1_31' title='bbox 1330 784 1473 847; x_wconf 85' lang='lat' dir='ltr'>sedecim</span> 
     </span>
     <span class='ocr_line' id='line_1_5' title="bbox 207 883 1472 970; baseline 0.006 -24"><span class='ocrx_word' id='word_1_32' title='bbox 207 883 276 947; x_wconf 87' lang='lat' dir='ltr'>flor.</span> <span class='ocrx_word' id='word_1_33' title='bbox 300 884 369 947; x_wconf 92' lang='lat' dir='ltr'>auri</span> <span class='ocrx_word' id='word_1_34' title='bbox 391 885 537 947; x_wconf 91' lang='lat' dir='ltr'>vendidit</span> <span class='ocrx_word' id='word_1_35' title='bbox 560 884 628 966; x_wconf 83' lang='lat' dir='ltr'>jure</span> <span class='ocrx_word' id='word_1_36' title='bbox 653 900 807 968; x_wconf 89' lang='lat' dir='ltr'>perpetuo</span> <span class='ocrx_word' id='word_1_37' title='bbox 832 887 1076 970; x_wconf 83' lang='lat' dir='ltr'>possidendam.¹</span> <span class='ocrx_word' id='word_1_38' title='bbox 1100 889 1217 951; x_wconf 88' lang='lat' dir='ltr'>Datum</span> <span class='ocrx_word' id='word_1_39' title='bbox 1239 889 1317 953; x_wconf 90' lang='lat' dir='ltr'>leria</span> <span class='ocrx_word' id='word_1_40' title='bbox 1331 891 1472 953; x_wconf 84' lang='lat' dir='ltr'>secunda</span> 
     </span>
     <span class='ocr_line' id='line_1_6' title="bbox 207 991 1297 1080; baseline 0.006 -27"><span class='ocrx_word' id='word_1_41' title='bbox 207 992 351 1073; x_wconf 87' lang='lat' dir='ltr'>proxima</span> <span class='ocrx_word' id='word_1_42' title='bbox 376 1005 448 1074; x_wconf 93' lang='lat' dir='ltr'>post</span> <span class='ocrx_word' id='word_1_43' title='bbox 473 991 587 1054; x_wconf 85' lang='lat' dir='ltr'>festum</span> <span class='ocrx_word' id='word_1_44' title='bbox 615 993 698 1054; x_wconf 89' lang='lat' dir='ltr'>beati</span> <span class='ocrx_word' id='word_1_45' title='bbox 723 993 844 1055; x_wconf 89' lang='lat' dir='ltr'>Vrbani</span> <span class='ocrx_word' id='word_1_46' title='bbox 877 1013 958 1076; x_wconf 89' lang='lat' dir='ltr'>pape</span> <span class='ocrx_word' id='word_1_47' title='bbox 983 1009 1013 1056; x_wconf 91' lang='lat' dir='ltr'>et</span> <span class='ocrx_word' id='word_1_48' title='bbox 1039 996 1176 1057; x_wconf 90' lang='lat' dir='ltr'>martiris</span> <span class='ocrx_word' id='word_1_49' title='bbox 1206 1015 1297 1080; x_wconf 81' lang='lat'><strong>¹5⁰3·</strong></span> 
     </span>
    </p>

    <p class='ocr_par' dir='ltr' id='par_1_3' title="bbox 206 1096 1474 2364">
     <span class='ocr_line' id='line_1_7' title="bbox 312 1096 1470 1183; baseline 0.005 -23"><span class='ocrx_word' id='word_1_50' title='bbox 312 1096 411 1171; x_wconf 91' lang='lat' dir='ltr'>Quod</span> <span class='ocrx_word' id='word_1_51' title='bbox 436 1098 512 1180; x_wconf 90' lang='lat' dir='ltr'>quia</span> <span class='ocrx_word' id='word_1_52' title='bbox 536 1099 751 1161; x_wconf 90' lang='lat' dir='ltr'>communitas</span> <span class='ocrx_word' id='word_1_53' title='bbox 774 1099 814 1161; x_wconf 95' lang='lat' dir='ltr'>ad</span> <span class='ocrx_word' id='word_1_54' title='bbox 839 1100 1034 1182; x_wconf 88' lang='lat' dir='ltr'>peticionem</span> <span class='ocrx_word' id='word_1_55' title='bbox 1059 1102 1184 1183; x_wconf 86' lang='lat' dir='ltr'>providi</span> <span class='ocrx_word' id='word_1_56' title='bbox 1211 1117 1242 1165; x_wconf 90' lang='lat' dir='ltr'>et</span> <span class='ocrx_word' id='word_1_57' title='bbox 1265 1104 1392 1167; x_wconf 85' lang='lat' dir='ltr'>honesti</span> <span class='ocrx_word' id='word_1_58' title='bbox 1410 1104 1470 1166; x_wconf 89' lang='lat' dir='ltr'>viri</span> 
     </span>
     <span class='ocr_line' id='line_1_8' title="bbox 207 1204 1474 1287; baseline 0.006 -22"><span class='ocrx_word' id='word_1_59' title='bbox 207 1204 362 1266; x_wconf 91' lang='lat' dir='ltr'>Johannis</span> <span class='ocrx_word' id='word_1_60' title='bbox 380 1204 544 1283; x_wconf 83' lang='lat' dir='ltr'>institoris,</span> <span class='ocrx_word' id='word_1_61' title='bbox 561 1205 695 1267; x_wconf 90' lang='lat' dir='ltr'>senioris</span> <span class='ocrx_word' id='word_1_62' title='bbox 712 1205 827 1287; x_wconf 87' lang='lat' dir='ltr'>judicis</span> <span class='ocrx_word' id='word_1_63' title='bbox 844 1222 874 1269; x_wconf 90' lang='lat' dir='ltr'>et</span> <span class='ocrx_word' id='word_1_64' title='bbox 892 1209 1034 1270; x_wconf 82' lang='lat' dir='ltr'>concivis</span> <span class='ocrx_word' id='word_1_65' title='bbox 1051 1211 1161 1287; x_wconf 82' lang='lat' dir='ltr'>nostri,</span> <span class='ocrx_word' id='word_1_66' title='bbox 1179 1210 1258 1273; x_wconf 92' lang='lat' dir='ltr'>duas</span> <span class='ocrx_word' id='word_1_67' title='bbox 1274 1212 1383 1273; x_wconf 90' lang='lat' dir='ltr'>vineas</span> <span class='ocrx_word' id='word_1_68' title='bbox 1400 1232 1474 1273; x_wconf 91' lang='lat' dir='ltr'>suas</span> 
     </span>
     <span class='ocr_line' id='line_1_9' title="bbox 207 1310 1471 1397; baseline 0.004 -25"><span class='ocrx_word' id='word_1_69' title='bbox 207 1310 375 1391; x_wconf 87' lang='lat' dir='ltr'>contiguas</span> <span class='ocrx_word' id='word_1_70' title='bbox 408 1311 440 1372; x_wconf 93' lang='lat' dir='ltr'>in</span> <span class='ocrx_word' id='word_1_71' title='bbox 472 1311 634 1374; x_wconf 90' lang='lat' dir='ltr'>territorio</span> <span class='ocrx_word' id='word_1_72' title='bbox 666 1312 775 1375; x_wconf 90' lang='lat' dir='ltr'>nostro</span> <span class='ocrx_word' id='word_1_73' title='bbox 811 1333 867 1375; x_wconf 91' lang='lat' dir='ltr'>seu</span> <span class='ocrx_word' id='word_1_74' title='bbox 898 1314 1034 1376; x_wconf 88' lang='lat' dir='ltr'>civitatis</span> <span class='ocrx_word' id='word_1_75' title='bbox 1065 1314 1198 1397; x_wconf 80' lang='lat' dir='ltr'>prefate,</span> <span class='ocrx_word' id='word_1_76' title='bbox 1230 1316 1312 1378; x_wconf 92' lang='lat' dir='ltr'>inter</span> <span class='ocrx_word' id='word_1_77' title='bbox 1343 1317 1471 1379; x_wconf 88' lang='lat' dir='ltr'>vineam</span> 
     </span>
     <span class='ocr_line' id='line_1_10' title="bbox 207 1417 1474 1504; baseline 0.004 -25"><span class='ocrx_word' id='word_1_78' title='bbox 207 1417 466 1480; x_wconf 84' lang='lat' dir='ltr'>condicionalem</span> <span class='ocrx_word' id='word_1_79' title='bbox 492 1417 648 1480; x_wconf 88' lang='lat' dir='ltr'>heredum</span> <span class='ocrx_word' id='word_1_80' title='bbox 681 1438 737 1480; x_wconf 91' lang='lat' dir='ltr'>seu</span> <span class='ocrx_word' id='word_1_81' title='bbox 769 1438 987 1481; x_wconf 90' lang='lat' dir='ltr'>successorum</span> <span class='ocrx_word' id='word_1_82' title='bbox 1021 1420 1157 1482; x_wconf 89' lang='lat' dir='ltr'>condam</span> <span class='ocrx_word' id='word_1_83' title='bbox 1184 1419 1332 1504; x_wconf 84' lang='lat' dir='ltr'>Gregorii</span> <span class='ocrx_word' id='word_1_84' title='bbox 1358 1424 1474 1484; x_wconf 87' lang='lat' dir='ltr'>sutoria</span> 
     </span>
     <span class='ocr_line' id='line_1_11' title="bbox 207 1522 1470 1611; baseline 0.006 -27"><span class='ocrx_word' id='word_1_85' title='bbox 207 1522 331 1584; x_wconf 82' lang='lat' dir='ltr'>Pethlro</span> <span class='ocrx_word' id='word_1_86' title='bbox 355 1523 443 1601; x_wconf 89' lang='lat' dir='ltr'>dicti,</span> <span class='ocrx_word' id='word_1_87' title='bbox 467 1524 610 1585; x_wconf 86' lang='lat' dir='ltr'>concivis</span> <span class='ocrx_word' id='word_1_88' title='bbox 633 1525 746 1602; x_wconf 83' lang='lat' dir='ltr'>nostri,</span> <span class='ocrx_word' id='word_1_89' title='bbox 770 1527 810 1586; x_wconf 92' lang='lat' dir='ltr'>ab</span> <span class='ocrx_word' id='word_1_90' title='bbox 831 1544 906 1602; x_wconf 89' lang='lat' dir='ltr'>una,</span> <span class='ocrx_word' id='word_1_91' title='bbox 923 1526 1074 1587; x_wconf 90' lang='lat' dir='ltr'>videlicet</span> <span class='ocrx_word' id='word_1_92' title='bbox 1097 1547 1114 1587; x_wconf 92' lang='lat' dir='ltr'>a</span> <span class='ocrx_word' id='word_1_93' title='bbox 1140 1526 1345 1590; x_wconf 85' lang='lat' dir='ltr'>meridionali</span> <span class='ocrx_word' id='word_1_94' title='bbox 1370 1544 1470 1611; x_wconf 89' lang='lat' dir='ltr'>parte,</span> 
     </span>
     <span class='ocr_line' id='line_1_12' title="bbox 207 1629 1472 1716; baseline 0.007 -26"><span class='ocrx_word' id='word_1_95' title='bbox 207 1644 237 1691; x_wconf 91' lang='lat' dir='ltr'>et</span> <span class='ocrx_word' id='word_1_96' title='bbox 261 1629 343 1691; x_wconf 92' lang='lat' dir='ltr'>inter</span> <span class='ocrx_word' id='word_1_97' title='bbox 374 1630 502 1691; x_wconf 89' lang='lat' dir='ltr'>vineam</span> <span class='ocrx_word' id='word_1_98' title='bbox 535 1630 676 1692; x_wconf 88' lang='lat' dir='ltr'>altariste</span> <span class='ocrx_word' id='word_1_99' title='bbox 708 1651 761 1692; x_wconf 92' lang='lat' dir='ltr'>are</span> <span class='ocrx_word' id='word_1_100' title='bbox 793 1632 892 1695; x_wconf 90' lang='lat' dir='ltr'>sancti</span> <span class='ocrx_word' id='word_1_101' title='bbox 928 1633 1083 1694; x_wconf 84' lang='lat' dir='ltr'>lobannis</span> <span class='ocrx_word' id='word_1_102' title='bbox 1116 1635 1256 1716; x_wconf 90' lang='lat' dir='ltr'>Baptiste</span> <span class='ocrx_word' id='word_1_103' title='bbox 1281 1637 1312 1697; x_wconf 93' lang='lat' dir='ltr'>in</span> <span class='ocrx_word' id='word_1_104' title='bbox 1338 1637 1472 1699; x_wconf 88' lang='lat' dir='ltr'>ecclesia</span> 
     </span>
     <span class='ocr_line' id='line_1_13' title="bbox 208 1736 1473 1823; baseline 0.007 -27"><span class='ocrx_word' id='word_1_105' title='bbox 208 1748 315 1797; x_wconf 87' lang='lat' dir='ltr'>nostra</span> <span class='ocrx_word' id='word_1_106' title='bbox 340 1736 441 1797; x_wconf 89' lang='lat' dir='ltr'>sancti</span> <span class='ocrx_word' id='word_1_107' title='bbox 468 1737 565 1798; x_wconf 88' lang='lat' dir='ltr'>Marci</span> <span class='ocrx_word' id='word_1_108' title='bbox 599 1751 791 1815; x_wconf 89' lang='lat' dir='ltr'>constructe,</span> <span class='ocrx_word' id='word_1_109' title='bbox 826 1740 867 1798; x_wconf 92' lang='lat' dir='ltr'>ab</span> <span class='ocrx_word' id='word_1_110' title='bbox 900 1739 1011 1816; x_wconf 90' lang='lat' dir='ltr'>altera,</span> <span class='ocrx_word' id='word_1_111' title='bbox 1046 1740 1196 1802; x_wconf 90' lang='lat' dir='ltr'>videlicet</span> <span class='ocrx_word' id='word_1_112' title='bbox 1220 1743 1473 1823; x_wconf 79' lang='lat' dir='ltr'>septemtrionali</span> 
     </span>
     <span class='ocr_line' id='line_1_14' title="bbox 209 1841 1472 1926; baseline 0.007 -24"><span class='ocrx_word' id='word_1_113' title='bbox 209 1856 310 1924; x_wconf 91' lang='lat' dir='ltr'>parte,</span> <span class='ocrx_word' id='word_1_114' title='bbox 334 1841 472 1923; x_wconf 87' lang='lat' dir='ltr'>desuper</span> <span class='ocrx_word' id='word_1_115' title='bbox 496 1864 513 1904; x_wconf 88' lang='lat' dir='ltr'>a</span> <span class='ocrx_word' id='word_1_116' title='bbox 539 1843 589 1904; x_wconf 88' lang='lat' dir='ltr'>via</span> <span class='ocrx_word' id='word_1_117' title='bbox 613 1844 779 1906; x_wconf 90' lang='lat' dir='ltr'>communi</span> <span class='ocrx_word' id='word_1_118' title='bbox 801 1845 970 1926; x_wconf 89' lang='lat' dir='ltr'>superiori,</span> <span class='ocrx_word' id='word_1_119' title='bbox 995 1847 1035 1906; x_wconf 92' lang='lat' dir='ltr'>ab</span> <span class='ocrx_word' id='word_1_120' title='bbox 1051 1847 1218 1909; x_wconf 89' lang='lat' dir='ltr'>occidente</span> <span class='ocrx_word' id='word_1_121' title='bbox 1242 1848 1312 1926; x_wconf 85' lang='lat' dir='ltr'>sita,</span> <span class='ocrx_word' id='word_1_122' title='bbox 1337 1863 1368 1910; x_wconf 91' lang='lat' dir='ltr'>et</span> <span class='ocrx_word' id='word_1_123' title='bbox 1392 1849 1472 1911; x_wconf 86' lang='lat' dir='ltr'>inira</span> 
     </span>
     <span class='ocr_line' id='line_1_15' title="bbox 207 1949 1470 2031; baseline 0.006 -21"><span class='ocrx_word' id='word_1_124' title='bbox 207 1950 372 2029; x_wconf 88' lang='lat' dir='ltr'>usquead</span> <span class='ocrx_word' id='word_1_125' title='bbox 398 1949 494 2010; x_wconf 87' lang='lat' dir='ltr'>aliam</span> <span class='ocrx_word' id='word_1_126' title='bbox 521 1951 605 2011; x_wconf 87' lang='lat' dir='ltr'>viam</span> <span class='ocrx_word' id='word_1_127' title='bbox 638 1969 846 2012; x_wconf 90' lang='lat' dir='ltr'>communem</span> <span class='ocrx_word' id='word_1_128' title='bbox 876 1950 1027 2012; x_wconf 89' lang='lat' dir='ltr'>videlicet</span> <span class='ocrx_word' id='word_1_129' title='bbox 1062 1951 1259 2031; x_wconf 87' lang='lat' dir='ltr'>inferiorem,</span> <span class='ocrx_word' id='word_1_130' title='bbox 1283 1955 1322 2015; x_wconf 91' lang='lat' dir='ltr'>ab</span> <span class='ocrx_word' id='word_1_131' title='bbox 1347 1956 1470 2017; x_wconf 88' lang='lat' dir='ltr'>oriente</span> 
     </span>
     <span class='ocr_line' id='line_1_16' title="bbox 206 2054 1470 2138; baseline 0.006 -24"><span class='ocrx_word' id='word_1_132' title='bbox 206 2054 312 2132; x_wconf 87' lang='lat' dir='ltr'>sitam,</span> <span class='ocrx_word' id='word_1_133' title='bbox 337 2074 409 2116; x_wconf 91' lang='lat' dir='ltr'>cum</span> <span class='ocrx_word' id='word_1_134' title='bbox 434 2070 517 2116; x_wconf 92' lang='lat' dir='ltr'>terra</span> <span class='ocrx_word' id='word_1_135' title='bbox 542 2076 642 2117; x_wconf 88' lang='lat' dir='ltr'>vacua</span> <span class='ocrx_word' id='word_1_136' title='bbox 667 2071 697 2118; x_wconf 92' lang='lat' dir='ltr'>et</span> <span class='ocrx_word' id='word_1_137' title='bbox 721 2055 841 2138; x_wconf 86' lang='lat' dir='ltr'>(h)orto</span> <span class='ocrx_word' id='word_1_138' title='bbox 870 2057 987 2118; x_wconf 90' lang='lat' dir='ltr'>habitis</span> <span class='ocrx_word' id='word_1_139' title='bbox 1019 2071 1049 2118; x_wconf 92' lang='lat' dir='ltr'>et</span> <span class='ocrx_word' id='word_1_140' title='bbox 1073 2058 1282 2121; x_wconf 89' lang='lat' dir='ltr'>existentibus</span> <span class='ocrx_word' id='word_1_141' title='bbox 1306 2080 1338 2121; x_wconf 91' lang='lat' dir='ltr'>se</span> <span class='ocrx_word' id='word_1_142' title='bbox 1363 2075 1470 2122; x_wconf 79' lang='lat' dir='ltr'>exten-</span> 
     </span>
     <span class='ocr_line' id='line_1_17' title="bbox 207 2160 1470 2247; baseline 0.007 -26"><span class='ocrx_word' id='word_1_143' title='bbox 207 2160 348 2239; x_wconf 93' lang='lat' dir='ltr'>dentem,</span> <span class='ocrx_word' id='word_1_144' title='bbox 372 2182 390 2222; x_wconf 91' lang='lat' dir='ltr'>a</span> <span class='ocrx_word' id='word_1_145' title='bbox 416 2164 582 2224; x_wconf 89' lang='lat' dir='ltr'>communi</span> <span class='ocrx_word' id='word_1_146' title='bbox 608 2178 717 2224; x_wconf 93' lang='lat' dir='ltr'>nostro</span> <span class='ocrx_word' id='word_1_147' title='bbox 753 2182 851 2224; x_wconf 84' lang='lat' dir='ltr'>censu</span> <span class='ocrx_word' id='word_1_148' title='bbox 883 2163 1017 2224; x_wconf 89' lang='lat' dir='ltr'>omnino</span> <span class='ocrx_word' id='word_1_149' title='bbox 1049 2184 1107 2246; x_wconf 91' lang='lat' dir='ltr'>pro</span> <span class='ocrx_word' id='word_1_150' title='bbox 1139 2166 1283 2247; x_wconf 90' lang='lat' dir='ltr'>quinque</span> <span class='ocrx_word' id='word_1_151' title='bbox 1308 2166 1470 2230; x_wconf 73' lang='lat' dir='ltr'>donanti</span> 
     </span>
     <span class='ocr_line' id='line_1_18' title="bbox 206 2268 1470 2364; baseline 0.006 -35"><span class='ocrx_word' id='word_1_152' title='bbox 206 2281 360 2349; x_wconf 91' lang='lat' dir='ltr'>perpetue</span> <span class='ocrx_word' id='word_1_153' title='bbox 386 2269 617 2330; x_wconf 91' lang='lat' dir='ltr'>libertavimus.</span> <span class='ocrx_word' id='word_1_154' title='bbox 636 2268 754 2364; x_wconf 64' lang='lat' dir='ltr'>Datum</span> <span class='ocrx_word' id='word_1_155' title='bbox 771 2271 904 2331; x_wconf 87' lang='lat' dir='ltr'>sabbato</span> <span class='ocrx_word' id='word_1_156' title='bbox 922 2284 994 2330; x_wconf 92' lang='lat' dir='ltr'>ante</span> <span class='ocrx_word' id='word_1_157' title='bbox 1012 2271 1225 2333; x_wconf 81' lang='lat' dir='ltr'>dominicam:</span> <span class='ocrx_word' id='word_1_158' title='bbox 1249 2271 1353 2335; x_wconf 89' lang='lat' dir='ltr'>Oculi.</span> <span class='ocrx_word' id='word_1_159' title='bbox 1379 2294 1386 2334; x_wconf 90' lang='lat' dir='ltr'>r</span> <span class='ocrx_word' id='word_1_160' title='bbox 1397 2294 1470 2354; x_wconf 85' lang='lat'>504.</span> 
     </span>
    </p>

    <p class='ocr_par' dir='ltr' id='par_1_4' title="bbox 202 2374 1468 4156">
     <span class='ocr_line' id='line_1_19' title="bbox 313 2374 1468 2457; baseline 0.004 -22"><span class='ocrx_word' id='word_1_161' title='bbox 313 2374 380 2435; x_wconf 91' lang='lat' dir='ltr'>Nos</span> <span class='ocrx_word' id='word_1_162' title='bbox 412 2375 627 2437; x_wconf 89' lang='lat' dir='ltr'>communitas</span> <span class='ocrx_word' id='word_1_163' title='bbox 659 2375 777 2435; x_wconf 89' lang='lat' dir='ltr'>civium</span> <span class='ocrx_word' id='word_1_164' title='bbox 818 2376 954 2438; x_wconf 90' lang='lat' dir='ltr'>civitatis</span> <span class='ocrx_word' id='word_1_165' title='bbox 987 2376 1277 2457; x_wconf 86' lang='lat' dir='ltr'>Montisgrecensis.</span> <span class='ocrx_word' id='word_1_166' title='bbox 1310 2379 1468 2441; x_wconf 90' lang='lat' dir='ltr'>Memorie</span> 
     </span>
     <span class='ocr_line' id='line_1_20' title="bbox 207 2479 1467 2566; baseline 0.004 -26"><span class='ocrx_word' id='word_1_167' title='bbox 207 2479 474 2541; x_wconf 89' lang='lat' dir='ltr'>commendamus</span> <span class='ocrx_word' id='word_1_168' title='bbox 498 2494 608 2542; x_wconf 90' lang='lat' dir='ltr'>tenore</span> <span class='ocrx_word' id='word_1_169' title='bbox 633 2481 833 2563; x_wconf 88' lang='lat' dir='ltr'>presencium</span> <span class='ocrx_word' id='word_1_170' title='bbox 852 2482 969 2563; x_wconf 91' lang='lat' dir='ltr'>quibus</span> <span class='ocrx_word' id='word_1_171' title='bbox 993 2482 1121 2563; x_wconf 85' lang='lat' dir='ltr'>expedit</span> <span class='ocrx_word' id='word_1_172' title='bbox 1140 2484 1305 2562; x_wconf 89' lang='lat' dir='ltr'>universis,</span> <span class='ocrx_word' id='word_1_173' title='bbox 1329 2484 1467 2566; x_wconf 81' lang='lat' dir='ltr'>qualiter</span> 
     </span>
     <span class='ocr_line' id='line_1_21' title="bbox 207 2585 1466 2667; baseline 0.005 -21"><span class='ocrx_word' id='word_1_174' title='bbox 207 2586 326 2647; x_wconf 89' lang='lat' dir='ltr'>nobilis</span> <span class='ocrx_word' id='word_1_175' title='bbox 350 2586 398 2647; x_wconf 92' lang='lat' dir='ltr'>vir</span> <span class='ocrx_word' id='word_1_176' title='bbox 422 2586 605 2649; x_wconf 74' lang='lat' dir='ltr'>Alexander</span> <span class='ocrx_word' id='word_1_177' title='bbox 630 2585 796 2648; x_wconf 79' lang='lat' dir='ltr'>familiaris</span> <span class='ocrx_word' id='word_1_178' title='bbox 821 2587 944 2649; x_wconf 89' lang='lat' dir='ltr'>domini</span> <span class='ocrx_word' id='word_1_179' title='bbox 978 2589 1076 2649; x_wconf 89' lang='lat' dir='ltr'>nostri</span> <span class='ocrx_word' id='word_1_180' title='bbox 1103 2589 1319 2667; x_wconf 90' lang='lat' dir='ltr'>illustrissimi,</span> <span class='ocrx_word' id='word_1_181' title='bbox 1343 2590 1466 2652; x_wconf 91' lang='lat' dir='ltr'>domini</span> 
     </span>
     <span class='ocr_line' id='line_1_22' title="bbox 209 2691 1468 2775; baseline 0.004 -23"><span class='ocrx_word' id='word_1_182' title='bbox 209 2691 365 2753; x_wconf 84' lang='lat' dir='ltr'>lobannis</span> <span class='ocrx_word' id='word_1_183' title='bbox 390 2692 479 2754; x_wconf 91' lang='lat' dir='ltr'>ducis</span> <span class='ocrx_word' id='word_1_184' title='bbox 503 2692 639 2755; x_wconf 89' lang='lat' dir='ltr'>Coruini</span> <span class='ocrx_word' id='word_1_185' title='bbox 664 2708 735 2771; x_wconf 81' lang='lat' dir='ltr'>etc,</span> <span class='ocrx_word' id='word_1_186' title='bbox 767 2693 961 2775; x_wconf 90' lang='lat' dir='ltr'>presentavit</span> <span class='ocrx_word' id='word_1_187' title='bbox 995 2694 1088 2755; x_wconf 92' lang='lat' dir='ltr'>nobis</span> <span class='ocrx_word' id='word_1_188' title='bbox 1119 2709 1220 2756; x_wconf 92' lang='lat' dir='ltr'>certas</span> <span class='ocrx_word' id='word_1_189' title='bbox 1243 2696 1351 2757; x_wconf 88' lang='lat' dir='ltr'>literas</span> <span class='ocrx_word' id='word_1_190' title='bbox 1375 2696 1468 2757; x_wconf 89' lang='lat' dir='ltr'>nobis</span> 
     </span>
     <span class='ocr_line' id='line_1_23' title="bbox 206 2799 1463 2883; baseline 0.003 -24"><span class='ocrx_word' id='word_1_191' title='bbox 206 2799 407 2880; x_wconf 87' lang='lat' dir='ltr'>preceptorie</span> <span class='ocrx_word' id='word_1_192' title='bbox 431 2815 591 2876; x_wconf 90' lang='lat' dir='ltr'>sonantes,</span> <span class='ocrx_word' id='word_1_193' title='bbox 624 2815 657 2862; x_wconf 92' lang='lat' dir='ltr'>ut</span> <span class='ocrx_word' id='word_1_194' title='bbox 686 2821 782 2883; x_wconf 91' lang='lat' dir='ltr'>super</span> <span class='ocrx_word' id='word_1_195' title='bbox 812 2800 912 2862; x_wconf 91' lang='lat' dir='ltr'>domo</span> <span class='ocrx_word' id='word_1_196' title='bbox 940 2815 970 2862; x_wconf 92' lang='lat' dir='ltr'>et</span> <span class='ocrx_word' id='word_1_197' title='bbox 995 2801 1087 2862; x_wconf 90' lang='lat' dir='ltr'>vinea</span> <span class='ocrx_word' id='word_1_198' title='bbox 1123 2803 1264 2883; x_wconf 80' lang='lat' dir='ltr'>magistri</span> <span class='ocrx_word' id='word_1_199' title='bbox 1292 2802 1387 2864; x_wconf 88' lang='lat' dir='ltr'>Blasii</span> <span class='ocrx_word' id='word_1_200' title='bbox 1412 2822 1463 2864; x_wconf 92' lang='lat' dir='ltr'>ca-</span> 
     </span>
     <span class='ocr_line' id='line_1_24' title="bbox 208 2905 1466 2989; baseline 0.002 -23"><span class='ocrx_word' id='word_1_201' title='bbox 208 2905 314 2966; x_wconf 90' lang='lat' dir='ltr'>nonici</span> <span class='ocrx_word' id='word_1_202' title='bbox 340 2905 474 2967; x_wconf 88' lang='lat' dir='ltr'>ecclesie</span> <span class='ocrx_word' id='word_1_203' title='bbox 499 2906 714 2987; x_wconf 86' lang='lat' dir='ltr'>zagrabiensis</span> <span class='ocrx_word' id='word_1_204' title='bbox 745 2920 776 2969; x_wconf 89' lang='lat' dir='ltr'>et</span> <span class='ocrx_word' id='word_1_205' title='bbox 807 2906 1025 2967; x_wconf 81' lang='lat' dir='ltr'>archidiaconi</span> <span class='ocrx_word' id='word_1_206' title='bbox 1051 2907 1255 2984; x_wconf 90' lang='lat' dir='ltr'>chasmeusis,</span> <span class='ocrx_word' id='word_1_207' title='bbox 1280 2927 1342 2988; x_wconf 91' lang='lat' dir='ltr'>que</span> <span class='ocrx_word' id='word_1_208' title='bbox 1367 2908 1466 2989; x_wconf 90' lang='lat' dir='ltr'>ipsius</span> 
     </span>
     <span class='ocr_line' id='line_1_25' title="bbox 207 3010 1468 3096; baseline 0.002 -24"><span class='ocrx_word' id='word_1_209' title='bbox 207 3010 401 3092; x_wconf 80' lang='lat' dir='ltr'>prefuerant,</span> <span class='ocrx_word' id='word_1_210' title='bbox 438 3012 523 3073; x_wconf 89' lang='lat' dir='ltr'>idem</span> <span class='ocrx_word' id='word_1_211' title='bbox 549 3012 700 3074; x_wconf 91' lang='lat' dir='ltr'>dominus</span> <span class='ocrx_word' id='word_1_212' title='bbox 732 3013 794 3073; x_wconf 86' lang='lat' dir='ltr'>dux</span> <span class='ocrx_word' id='word_1_213' title='bbox 820 3029 950 3095; x_wconf 89' lang='lat' dir='ltr'>propter</span> <span class='ocrx_word' id='word_1_214' title='bbox 982 3012 1154 3094; x_wconf 87' lang='lat' dir='ltr'>quemdam</span> <span class='ocrx_word' id='word_1_215' title='bbox 1188 3034 1334 3075; x_wconf 84' lang='lat' dir='ltr'>excesum</span> <span class='ocrx_word' id='word_1_216' title='bbox 1368 3015 1468 3096; x_wconf 90' lang='lat' dir='ltr'>ipsius</span> 
     </span>
     <span class='ocr_line' id='line_1_26' title="bbox 207 3118 1467 3200; baseline 0.003 -22"><span class='ocrx_word' id='word_1_217' title='bbox 207 3118 349 3199; x_wconf 84' lang='lat' dir='ltr'>magistri</span> <span class='ocrx_word' id='word_1_218' title='bbox 383 3119 498 3196; x_wconf 91' lang='lat' dir='ltr'>Blasii,</span> <span class='ocrx_word' id='word_1_219' title='bbox 531 3122 570 3180; x_wconf 93' lang='lat' dir='ltr'>ab</span> <span class='ocrx_word' id='word_1_220' title='bbox 602 3120 717 3180; x_wconf 90' lang='lat' dir='ltr'>eodem</span> <span class='ocrx_word' id='word_1_221' title='bbox 748 3121 869 3200; x_wconf 90' lang='lat' dir='ltr'>recepit</span> <span class='ocrx_word' id='word_1_222' title='bbox 896 3133 926 3178; x_wconf 92' lang='lat' dir='ltr'>et</span> <span class='ocrx_word' id='word_1_223' title='bbox 962 3118 1084 3199; x_wconf 87' lang='lat' dir='ltr'>prelato</span> <span class='ocrx_word' id='word_1_224' title='bbox 1115 3119 1299 3182; x_wconf 86' lang='lat' dir='ltr'>Alexandro</span> <span class='ocrx_word' id='word_1_225' title='bbox 1324 3121 1467 3198; x_wconf 89' lang='lat' dir='ltr'>donavit,</span> 
     </span>
     <span class='ocr_line' id='line_1_27' title="bbox 206 3224 1466 3307; baseline 0.002 -24"><span class='ocrx_word' id='word_1_226' title='bbox 206 3224 364 3306; x_wconf 90' lang='lat' dir='ltr'>nobisque</span> <span class='ocrx_word' id='word_1_227' title='bbox 389 3225 551 3286; x_wconf 86' lang='lat' dir='ltr'>commisit</span> <span class='ocrx_word' id='word_1_228' title='bbox 574 3225 780 3301; x_wconf 89' lang='lat' dir='ltr'>strictissime,</span> <span class='ocrx_word' id='word_1_229' title='bbox 806 3239 839 3285; x_wconf 90' lang='lat' dir='ltr'>ut</span> <span class='ocrx_word' id='word_1_230' title='bbox 863 3238 894 3286; x_wconf 91' lang='lat' dir='ltr'>et</span> <span class='ocrx_word' id='word_1_231' title='bbox 911 3243 969 3285; x_wconf 90' lang='lat' dir='ltr'>nos</span> <span class='ocrx_word' id='word_1_232' title='bbox 994 3225 1100 3285; x_wconf 87' lang='lat' dir='ltr'>literas</span> <span class='ocrx_word' id='word_1_233' title='bbox 1123 3225 1184 3285; x_wconf 89' lang='lat' dir='ltr'>sibi</span> <span class='ocrx_word' id='word_1_234' title='bbox 1208 3226 1368 3303; x_wconf 88' lang='lat' dir='ltr'>daremus,</span> <span class='ocrx_word' id='word_1_235' title='bbox 1386 3245 1466 3307; x_wconf 89' lang='lat' dir='ltr'>quas</span> 
     </span>
     <span class='ocr_line' id='line_1_28' title="bbox 205 3329 1467 3412; baseline 0.002 -21"><span class='ocrx_word' id='word_1_236' title='bbox 205 3349 261 3411; x_wconf 93' lang='lat' dir='ltr'>per</span> <span class='ocrx_word' id='word_1_237' title='bbox 285 3329 474 3391; x_wconf 88' lang='lat' dir='ltr'>mandatum</span> <span class='ocrx_word' id='word_1_238' title='bbox 500 3330 599 3412; x_wconf 89' lang='lat' dir='ltr'>ipsius</span> <span class='ocrx_word' id='word_1_239' title='bbox 623 3331 745 3392; x_wconf 87' lang='lat' dir='ltr'>domini</span> <span class='ocrx_word' id='word_1_240' title='bbox 772 3330 873 3407; x_wconf 90' lang='lat' dir='ltr'>ducis,</span> <span class='ocrx_word' id='word_1_241' title='bbox 903 3330 999 3390; x_wconf 91' lang='lat' dir='ltr'>simul</span> <span class='ocrx_word' id='word_1_242' title='bbox 1032 3350 1104 3392; x_wconf 89' lang='lat' dir='ltr'>cum</span> <span class='ocrx_word' id='word_1_243' title='bbox 1137 3333 1289 3393; x_wconf 88' lang='lat' dir='ltr'>omnibus</span> <span class='ocrx_word' id='word_1_244' title='bbox 1322 3333 1467 3394; x_wconf 89' lang='lat' dir='ltr'>eiusdem</span> 
     </span>
     <span class='ocr_line' id='line_1_29' title="bbox 204 3436 1468 3520; baseline 0.003 -23"><span class='ocrx_word' id='word_1_245' title='bbox 204 3436 321 3497; x_wconf 91' lang='lat' dir='ltr'>domus</span> <span class='ocrx_word' id='word_1_246' title='bbox 345 3450 375 3497; x_wconf 90' lang='lat' dir='ltr'>et</span> <span class='ocrx_word' id='word_1_247' title='bbox 399 3437 491 3498; x_wconf 90' lang='lat' dir='ltr'>vinee</span> <span class='ocrx_word' id='word_1_248' title='bbox 522 3437 738 3518; x_wconf 88' lang='lat' dir='ltr'>(utilitatibus)</span> <span class='ocrx_word' id='word_1_249' title='bbox 770 3437 937 3511; x_wconf 89' lang='lat' dir='ltr'>dedimus;</span> <span class='ocrx_word' id='word_1_250' title='bbox 970 3456 1032 3517; x_wconf 91' lang='lat' dir='ltr'>que</span> <span class='ocrx_word' id='word_1_251' title='bbox 1065 3436 1181 3498; x_wconf 92' lang='lat' dir='ltr'>domus</span> <span class='ocrx_word' id='word_1_252' title='bbox 1204 3438 1283 3499; x_wconf 89' lang='lat' dir='ltr'>alias</span> <span class='ocrx_word' id='word_1_253' title='bbox 1307 3437 1468 3520; x_wconf 82' lang='lat' dir='ltr'>prefuerat</span> 
     </span>
     <span class='ocr_line' id='line_1_30' title="bbox 203 3541 1467 3624; baseline 0.003 -21"><span class='ocrx_word' id='word_1_254' title='bbox 203 3541 341 3604; x_wconf 88' lang='lat' dir='ltr'>condam</span> <span class='ocrx_word' id='word_1_255' title='bbox 367 3542 502 3603; x_wconf 88' lang='lat' dir='ltr'>Fabiani</span> <span class='ocrx_word' id='word_1_256' title='bbox 529 3542 697 3624; x_wconf 89' lang='lat' dir='ltr'>Sypchych</span> <span class='ocrx_word' id='word_1_257' title='bbox 732 3544 762 3603; x_wconf 93' lang='lat' dir='ltr'>in</span> <span class='ocrx_word' id='word_1_258' title='bbox 795 3543 923 3604; x_wconf 87' lang='lat' dir='ltr'>civitate</span> <span class='ocrx_word' id='word_1_259' title='bbox 957 3542 1097 3622; x_wconf 89' lang='lat' dir='ltr'>predicta</span> <span class='ocrx_word' id='word_1_260' title='bbox 1131 3544 1213 3605; x_wconf 91' lang='lat' dir='ltr'>inter</span> <span class='ocrx_word' id='word_1_261' title='bbox 1236 3545 1371 3606; x_wconf 92' lang='lat' dir='ltr'>domum</span> <span class='ocrx_word' id='word_1_262' title='bbox 1397 3565 1467 3607; x_wconf 92' lang='lat' dir='ltr'>mu-</span> 
     </span>
     <span class='ocr_line' id='line_1_31' title="bbox 204 3648 1468 3732; baseline 0.003 -24"><span class='ocrx_word' id='word_1_263' title='bbox 204 3664 303 3711; x_wconf 90' lang='lat' dir='ltr'>ratam</span> <span class='ocrx_word' id='word_1_264' title='bbox 329 3664 360 3709; x_wconf 92' lang='lat' dir='ltr'>et</span> <span class='ocrx_word' id='word_1_265' title='bbox 383 3649 495 3709; x_wconf 92' lang='lat' dir='ltr'>turrim</span> <span class='ocrx_word' id='word_1_266' title='bbox 522 3664 661 3709; x_wconf 89' lang='lat' dir='ltr'>nostram</span> <span class='ocrx_word' id='word_1_267' title='bbox 686 3669 704 3709; x_wconf 92' lang='lat' dir='ltr'>a</span> <span class='ocrx_word' id='word_1_268' title='bbox 728 3648 983 3731; x_wconf 90' lang='lat' dir='ltr'>septemtrionali</span> <span class='ocrx_word' id='word_1_269' title='bbox 1014 3663 1045 3710; x_wconf 92' lang='lat' dir='ltr'>et</span> <span class='ocrx_word' id='word_1_270' title='bbox 1069 3649 1216 3710; x_wconf 89' lang='lat' dir='ltr'>orientali</span> <span class='ocrx_word' id='word_1_271' title='bbox 1242 3650 1355 3732; x_wconf 91' lang='lat' dir='ltr'>plagis,</span> <span class='ocrx_word' id='word_1_272' title='bbox 1380 3651 1468 3712; x_wconf 89' lang='lat' dir='ltr'>simi·</span> 
     </span>
     <span class='ocr_line' id='line_1_32' title="bbox 204 3755 1467 3839; baseline 0.002 -23"><span class='ocrx_word' id='word_1_273' title='bbox 204 3756 274 3817; x_wconf 90' lang='lat' dir='ltr'>liter</span> <span class='ocrx_word' id='word_1_274' title='bbox 298 3773 394 3836; x_wconf 85' lang='lat' dir='ltr'>supra</span> <span class='ocrx_word' id='word_1_275' title='bbox 420 3774 547 3815; x_wconf 90' lang='lat' dir='ltr'>murum</span> <span class='ocrx_word' id='word_1_276' title='bbox 574 3768 717 3815; x_wconf 87' lang='lat' dir='ltr'>nostrum</span> <span class='ocrx_word' id='word_1_277' title='bbox 743 3774 779 3815; x_wconf 89' lang='lat' dir='ltr'>ac</span> <span class='ocrx_word' id='word_1_278' title='bbox 812 3775 908 3836; x_wconf 86' lang='lat' dir='ltr'>penes</span> <span class='ocrx_word' id='word_1_279' title='bbox 941 3755 1075 3815; x_wconf 92' lang='lat' dir='ltr'>domum</span> <span class='ocrx_word' id='word_1_280' title='bbox 1109 3755 1262 3838; x_wconf 88' lang='lat' dir='ltr'>Stephani</span> <span class='ocrx_word' id='word_1_281' title='bbox 1287 3756 1467 3839; x_wconf 86' lang='lat' dir='ltr'>freniparis,</span> 
     </span>
     <span class='ocr_line' id='line_1_33' title="bbox 203 3860 1465 3943; baseline 0.004 -23"><span class='ocrx_word' id='word_1_282' title='bbox 203 3880 219 3920; x_wconf 89' lang='lat' dir='ltr'>a</span> <span class='ocrx_word' id='word_1_283' title='bbox 245 3860 450 3921; x_wconf 90' lang='lat' dir='ltr'>meridionali</span> <span class='ocrx_word' id='word_1_284' title='bbox 476 3875 506 3921; x_wconf 91' lang='lat' dir='ltr'>et</span> <span class='ocrx_word' id='word_1_285' title='bbox 531 3860 720 3922; x_wconf 86' lang='lat' dir='ltr'>occidentali</span> <span class='ocrx_word' id='word_1_286' title='bbox 746 3863 888 3943; x_wconf 89' lang='lat' dir='ltr'>partibus</span> <span class='ocrx_word' id='word_1_287' title='bbox 905 3863 989 3922; x_wconf 91' lang='lat' dir='ltr'>viam</span> <span class='ocrx_word' id='word_1_288' title='bbox 1015 3880 1233 3938; x_wconf 91' lang='lat' dir='ltr'>communem,</span> <span class='ocrx_word' id='word_1_289' title='bbox 1258 3863 1363 3924; x_wconf 92' lang='lat' dir='ltr'>eidem</span> <span class='ocrx_word' id='word_1_290' title='bbox 1391 3865 1465 3925; x_wconf 75' lang='lat' dir='ltr'>Ale-</span> 
     </span>
     <span class='ocr_line' id='line_1_34' title="bbox 202 3965 1462 4049; baseline 0.005 -24"><span class='ocrx_word' id='word_1_291' title='bbox 202 3965 324 4026; x_wconf 82' lang='lat' dir='ltr'>xandro</span> <span class='ocrx_word' id='word_1_292' title='bbox 349 3967 529 4030; x_wconf 89' lang='lat' dir='ltr'>statuimus.</span> <span class='ocrx_word' id='word_1_293' title='bbox 557 3966 674 4027; x_wconf 89' lang='lat' dir='ltr'>Datum</span> <span class='ocrx_word' id='word_1_294' title='bbox 699 3966 776 4028; x_wconf 84' lang='lat' dir='ltr'>feria</span> <span class='ocrx_word' id='word_1_295' title='bbox 802 3982 913 4048; x_wconf 91' lang='lat' dir='ltr'>quarta</span> <span class='ocrx_word' id='word_1_296' title='bbox 946 3968 1091 4049; x_wconf 84' lang='lat' dir='ltr'>proxima</span> <span class='ocrx_word' id='word_1_297' title='bbox 1123 3982 1196 4029; x_wconf 92' lang='lat' dir='ltr'>ante</span> <span class='ocrx_word' id='word_1_298' title='bbox 1222 3968 1337 4031; x_wconf 84' lang='lat' dir='ltr'>festum</span> <span class='ocrx_word' id='word_1_299' title='bbox 1362 3971 1462 4031; x_wconf 88' lang='lat' dir='ltr'>sancti</span> 
     </span>
     <span class='ocr_line' id='line_1_35' title="bbox 203 4071 878 4156; baseline 0.007 -25"><span class='ocrx_word' id='word_1_300' title='bbox 203 4071 360 4132; x_wconf 84' lang='lat' dir='ltr'>lobannis</span> <span class='ocrx_word' id='word_1_301' title='bbox 385 4073 538 4152; x_wconf 91' lang='lat' dir='ltr'>Baptiste.</span> <span class='ocrx_word' id='word_1_302' title='bbox 564 4079 660 4134; x_wconf 82' lang='lat' dir='ltr'>Anno</span> <span class='ocrx_word' id='word_1_303' title='bbox 682 4092 747 4154; x_wconf 92' lang='lat' dir='ltr'>quo</span> <span class='ocrx_word' id='word_1_304' title='bbox 772 4093 878 4156; x_wconf 87' lang='lat' dir='ltr'>supra.</span> 
     </span>
    </p>
   </div>
   <div class='ocr_carea' id='block_1_3' title="bbox 0 0 1718 5256">
    <p class='ocr_par' dir='ltr' id='par_1_5' title="bbox 0 0 1718 5256">
     <span class='ocr_line' id='line_1_36' title="bbox 0 0 1718 5256; baseline 0 2"><span class='ocrx_word' id='word_1_305' title='bbox 0 0 1718 5256; x_wconf 95' lang='lat' dir='ltr'> </span> 
     </span>
    </p>
   </div>
  </div>
 </body>
</html>
