3428 5256
779 314 928 376 Rationes.
1432 330 1494 396 307

334 530 430 586 Anno
456 525 589 587 Domini
621 544 713 609 1507·
745 525 777 586 in
810 522 891 587 festo
916 525 1038 587 Alberti
1064 525 1203 587 martiris
1236 525 1302 588 dati
1328 539 1401 588 sunt
1424 545 1493 609 pre-

229 633 391 695 bendariis
414 631 483 696 flor.
507 631 680 694 duodecim
706 645 736 693 et
760 631 897 695 medius.

332 739 456 800 Eodem
483 759 569 800 anno
604 739 636 800 in
670 737 753 801 festo
786 738 1004 801 Exaltacionis
1034 752 1142 801 sancte
1167 738 1292 818 Crucis,
1324 739 1389 801 dati
1421 752 1496 801 sunt

227 843 349 907 eisdem
375 844 444 907 flor.
470 845 642 907 duodecim
668 859 699 906 et
724 845 859 909 medius.

333 954 430 1012 Anno
446 951 587 1013 Domini
618 951 708 1031 1508.
732 951 764 1012 in
789 947 917 1015 festos.
941 949 1074 1033 Georgii
1097 952 1245 1030 martiris,
1270 951 1493 1034 prebendariis

229 1054 293 1117 dari
319 1071 393 1120 sunt
417 1057 487 1122 flor.
511 1057 683 1119 duodecim
708 1070 740 1119 et
763 1057 898 1121 medius.

333 1164 457 1226 Eodem
482 1183 568 1226 anno
593 1163 726 1226 infesto
753 1163 919 1226 Michaelis
945 1163 1139 1246 archangeli,
1164 1163 1228 1226 deti
1254 1177 1329 1226 sunt
1355 1167 1493 1246 preben-

228 1267 325 1330 dariis
350 1268 421 1333 flor.
446 1270 618 1333 duodecim
644 1285 675 1332 et
700 1270 835 1332 medius.

337 1376 414 1438 ltem
447 1397 533 1439 anno
563 1377 694 1439 Domini
729 1376 901 1438 millesimo
934 1376 1194 1457 quingentesimo
1226 1396 1325 1456 nono,
1357 1377 1389 1438 in
1413 1375 1493 1439 festo

227 1479 360 1564 Georgii
387 1482 451 1544 dati
477 1497 550 1544 sunt
575 1481 796 1566 prebendariis
828 1480 898 1546 flor.
924 1481 1097 1544 duodecim
1123 1496 1153 1544 et
1177 1481 1312 1545 medius.

334 1589 411 1650 Item
438 1590 560 1651 eodem.
579 1610 665 1652 anno
698 1590 729 1650 in
765 1587 845 1650 [esto
871 1587 1046 1651 Katherine
1078 1588 1147 1652 flor.
1171 1589 1344 1650 duodecim
1371 1602 1402 1650 et
1427 1608 1492 1650 me-

227 1692 299 1755 dius
323 1714 380 1777 per
404 1695 583 1759 iohannem
610 1697 768 1758 decanum
792 1694 1080 1778 prebendariorum
1105 1695 1236 1776 recepti.

339 1823 347 1862 r
358 1822 430 1882 5¹⁰·
457 1802 516 1865 Die
535 1803 742 1865 Ascensionis
759 1801 890 1863 Domini
909 1801 1024 1862 iterum
1049 1800 1207 1862 dederunt
1223 1799 1294 1866 flor.
1319 1800 1491 1863 duodecim

228 1920 258 1967 er
283 1909 437 1972 medium.
986 1907 1150 1969 iohannes
1174 1906 1324 1972 decanus.
1350 1927 1392 1972 m.
1415 1928 1447 1990 p.

338 2036 428 2095 ¹5¹0·
453 2015 530 2076 lrem
555 2013 632 2077 feria
653 2015 760 2077 tercia.
784 2015 855 2096 Ego
873 2015 1060 2076 Franciscus
1085 2013 1225 2075 decanus
1250 2012 1353 2076 fateor
1376 2032 1428 2075 me
1446 2034 1492 2076 re·

227 2121 346 2203 cepisse
370 2137 443 2203 post
466 2119 582 2183 festum
608 2120 845 2202 Concepcionis
870 2121 968 2183 Marie
993 2140 1011 2181 a
1035 2119 1176 2182 dominis
1200 2120 1269 2182 lior.
1295 2117 1413 2204 xilv„

439 2229 568 2311 propria
593 2248 701 2291 manu.

339 2357 430 2416 ¹5¹¹·
456 2337 526 2416 Ego
552 2336 728 2418 Dyonisius
744 2333 976 2417 prebendarius
992 2331 1094 2395 fateor
1111 2353 1162 2396 me
1187 2334 1344 2417 recepisse
1369 2334 1401 2395 in
1418 2354 1492 2416 pro·

227 2439 307 2503 lesio
331 2455 438 2504 sancte
464 2443 579 2505 Crucis
602 2463 620 2503 a
643 2443 785 2505 dominis
808 2441 877 2507 flor.
900 2439 1014 2529 xliv„

338 2570 427 2628 ¹5¹¹·
465 2550 535 2633 Ego
561 2549 748 2612 Leonardus
779 2549 919 2611 decanus
951 2568 1009 2632 pro
1043 2549 1138 2610 missa
1171 2548 1425 2630 Assumpcionis,
1460 2549 1490 2611 in

228 2653 308 2717 festo
333 2654 491 2718 Omnium
517 2657 708 2719 Sanctorum
733 2657 861 2739 percepi
894 2655 964 2720 flor.
988 2653 1101 2741 xivg.

338 2783 428 2844 ¹5¹2·
452 2765 522 2845 Ego
548 2764 736 2826 Leonardus
771 2763 912 2826 decanus
943 2782 1002 2845 pro
1035 2762 1128 2823 missa
1154 2761 1398 2843 Assumpciouis
1421 2780 1491 2843 per·

226 2870 295 2951 cepi
321 2870 353 2931 in
379 2868 459 2932 festo
484 2872 568 2932 beati
594 2869 726 2951 Georgii
751 2870 890 2932 martiris
913 2868 982 2932 flor.
1005 2865 1118 2951 xlvj.

339 2996 430 3056 ¹5¹2·
456 2977 525 3058 Ego
558 2975 736 3058 Gregorius
768 2976 908 3038 decanus
939 2995 998 3057 pro
1027 2975 1123 3037 missa
1154 2974 1399 3056 Assumpcionis
1420 2993 1492 3056 per-

229 3082 299 3165 cepi
325 3083 356 3142 in
383 3081 464 3144 festo
489 3082 646 3145 Omnium
673 3082 865 3145 Sanctorum
888 3081 957 3146 flor.
981 3079 1094 3164 xivf„

337 3210 428 3272 ¹5¹3·
453 3190 523 3271 Ego
548 3189 727 3270 Gregorius
744 3189 884 3250 decanus
901 3207 959 3271 pro
976 3189 1071 3249 missa
1089 3187 1335 3270 Assumpcionia
1360 3183 1491 3248 infesto

227 3295 311 3356 beati
338 3294 470 3376 Georgii
496 3296 634 3357 martiris
657 3295 785 3378 percepi
811 3315 828 3356 a
852 3294 994 3355 dominis
1026 3294 1094 3355 flor.
1120 3290 1235 3376 xlvj.

339 3424 428 3484 ¹5¹3·
453 3403 523 3483 Ego
550 3402 673 3464 Blasius
697 3403 737 3463 de
758 3399 1021 3483 Zeyanohraztye
1038 3400 1179 3462 decanus
1203 3398 1490 3482 prebendariorum

227 3508 360 3570 ecclesie
392 3509 609 3590 zagrabiensis
642 3510 672 3569 in
705 3507 786 3570 festo
820 3507 978 3570 Omnium
1012 3506 1202 3569 Sanctorum
1239 3505 1367 3588 percepi
1392 3526 1409 3567 a
1434 3505 1490 3567 do·

227 3614 322 3674 minis
346 3634 404 3696 pro
429 3616 524 3676 missa
550 3614 793 3696 Assumpcionis
816 3612 885 3678 flor.
908 3611 1022 3696 x11¹s,.

338 3741 429 3801 ¹5¹4·
455 3721 524 3802 Ego
550 3721 674 3782 Blasius
694 3721 733 3782 de
751 3719 1014 3803 Zeyanohraztye
1038 3720 1179 3782 decanus
1202 3720 1489 3803 prebendariorum

227 3825 360 3887 ecclesie
385 3828 602 3908 zagrabiensis
637 3847 693 3909 per
725 3826 784 3888 hec
815 3846 929 3889 manus
962 3845 1033 3888 mee
1065 3827 1181 3909 scripta
1205 3824 1306 3888 fateor
1329 3846 1381 3888 me
1405 3846 1490 3887 rece·

227 3931 308 4013 pisse
333 3953 350 3993 a
375 3934 517 3995 dominis
535 3935 566 3995 in
594 3932 675 3997 festo
703 3933 870 3995 Adalberti
888 3934 1026 3995 martiris
1054 3953 1112 4016 pro
1130 3934 1226 3996 missa
1244 3934 1488 4016 Assumpcionia

226 4037 295 4102 flor.
322 4037 434 4127 xlvj„

337 4167 428 4227 ¹5¹4·
454 4148 524 4227 Ego
549 4147 686 4209 Michael
712 4146 825 4209 Berlek
859 4147 1000 4208 decanus
1023 4147 1230 4209 dominorum
1257 4147 1489 4229 prebendario-

226 4272 296 4314 rum
321 4252 410 4315 chori
436 4254 569 4315 ecclesie
595 4254 811 4335 zagrabiensis
844 4251 947 4314 fateor
971 4273 1027 4335 per
1059 4253 1116 4315 hec
1140 4254 1256 4335 scripta
1281 4274 1395 4316 manus
1420 4273 1490 4316 mee

226 4361 354 4441 proprie
378 4361 557 4443 percepisse
582 4381 599 4422 a
624 4361 758 4422 domino
783 4361 916 4422 custode
940 4380 999 4443 pro
1031 4361 1127 4423 missa
1152 4362 1397 4444 Assumpcionis
1431 4381 1489 4442 pro

225 4469 363 4530 termino
388 4467 458 4530 festi
484 4468 642 4530 Omnium
668 4469 858 4531 Sanctorum
883 4466 952 4532 flor.
976 4466 1087 4556 xlvj„

753 4643 963 4662 —ss—
