3420 5250
774 320 925 384 Rationes.
1409 342 1467 400 321

312 531 390 595 ltem
414 531 492 594 feria
515 547 603 594 sexta
620 546 694 594 ante
720 531 835 594 festum
854 534 939 595 beati
957 533 1113 596 Demetrii
1140 535 1278 597 martiris
1302 534 1473 597 debuimus

210 639 334 701 mittere
360 639 442 700 duos
464 658 501 700 ex
526 635 676 700 fratribus
701 639 816 700 nostris
842 639 1042 720 Strigoniurn
1067 640 1106 701 ad
1132 641 1270 722 primam
1296 640 1382 702 diem
1407 642 1473 703 No·

210 745 349 805 vembris
373 745 412 805 ad
445 744 629 822 terminum,
662 745 717 805 ubi
751 745 886 827 expositi
919 759 994 807 sunt
1026 766 1099 807 eum
1132 747 1285 808 omnibus
1309 746 1380 810 flor.
1404 745 1473 814 XX.

210 850 317 911 minus
340 850 413 912 den.
437 848 505 928 XL,
530 863 561 911 et
586 848 645 910 hoc
671 869 772 930 usque
804 849 916 912 leriam
949 852 1125 914 secundam
1151 867 1221 936 post
1245 851 1361 915 festum
1388 855 1473 915 beati

211 957 339 1019 Andree
363 956 513 1039 apostoli.

314 1061 391 1125 ltem
418 1062 457 1124 ad
482 1063 715 1146 compulsorias
738 1064 905 1126 reverendi
931 1064 1056 1127 domini
1082 1066 1260 1147 Auditoris,
1283 1066 1392 1130 literas
1417 1066 1474 1129 do-

212 1171 290 1232 mini
316 1169 519 1253 Capitulares
544 1170 749 1232 extraderunt
786 1186 897 1249 certas,
932 1173 987 1233 ubi
1013 1172 1147 1235 domino
1180 1174 1304 1235 custodi
1330 1174 1474 1237 eiusdem

212 1276 355 1359 Capituli
380 1295 439 1359 pro
455 1276 556 1337 literis
572 1276 804 1357 investigandis
821 1297 877 1338 seu
895 1278 1098 1339 inveniendis
1115 1279 1208 1340 datus
1224 1294 1271 1340 est
1287 1326 1294 1340 .
1313 1328 1320 1342 .
1340 1329 1346 1341 .
1365 1279 1436 1344 flor.
1453 1278 1474 1344 l.

315 1381 394 1446 Item
419 1402 477 1465 pto
501 1382 573 1443 aliis
597 1382 699 1444 literis
723 1383 763 1444 de
779 1384 921 1466 antiquis
944 1384 1035 1446 libris
1059 1383 1147 1447 lactis
1164 1405 1220 1467 per
1245 1385 1396 1448 dominos
1414 1385 1476 1448 Ca·

213 1490 365 1572 pitulares
380 1491 439 1551 sub
456 1489 564 1569 sigillo
582 1489 743 1550 autentico
761 1490 793 1550 in
811 1511 905 1552 causa
924 1491 990 1572 ipsa
1016 1505 1087 1570 etc„
1105 1492 1170 1554 dati
1188 1505 1262 1553 sunt
1280 1543 1286 1554 .
1307 1543 1313 1554 .
1332 1541 1339 1556 .
1358 1493 1427 1557 flor.
1440 1491 1476 1556 ll.

317 1594 395 1658 ltem
421 1614 479 1678 pro
503 1595 659 1677 scriptura
684 1596 870 1659 earumdem
889 1597 1054 1660 literarum
1073 1597 1207 1659 domino
1232 1599 1359 1660 notario
1385 1599 1478 1661 datus

215 1715 334 1765 est...
362 1701 431 1764 flor.
459 1700 508 1783 ¹l,.

322 1810 398 1870 ltem
424 1807 531 1870 eundo
557 1807 732 1869 Chasmam
758 1807 823 1870 duo
845 1807 957 1871 fratres
981 1823 1013 1872 et
1036 1809 1204 1871 redeundo
1228 1830 1286 1892 pro
1311 1811 1411 1872 literis
1435 1811 1477 1872 ci-

215 1916 339 1977 tatoriis
363 1913 504 1977 Chasme
528 1935 544 1975 a
571 1914 711 1976 dominis
735 1913 895 1995 judicibus
916 1914 1107 1997 delegatisa
1131 1915 1207 1977 sede
1232 1916 1408 1998 apostolica
1426 1936 1477 1977 ex·

215 2022 310 2104 positi
336 2035 409 2082 sunt
432 2019 501 2084 flor.
523 2018 583 2097 lll.,
608 2040 680 2082 cum
705 2020 858 2082 omnibus
882 2035 912 2082 et
936 2021 1072 2101 singulis
1096 2019 1267 2103 deputatis.

321 2127 399 2189 ltem
423 2128 569 2189 misimus
585 2128 625 2189 ad
644 2127 843 2208 Strigonium
868 2147 968 2188 unum
985 2124 1115 2189 fratrem
1133 2142 1277 2190 nostrum
1295 2147 1367 2189 cum
1386 2147 1471 2209 equo

216 2234 397 2297 inhibentes
410 2234 548 2296 auditori
564 2254 668 2312 cause,
681 2234 712 2295 in
724 2235 814 2295 cuius
827 2233 994 2314 legacione
1008 2234 1143 2317 expositi
1161 2249 1252 2296 sunt.
1272 2284 1278 2296 .
1296 2283 1302 2297 .
1319 2234 1387 2298 flor.
1400 2232 1478 2308 Vlll

323 2343 398 2403 ltem
425 2341 587 2404 executori
612 2341 804 2404 ibidem...
836 2339 904 2405 flor.
929 2339 951 2404 l.

322 2446 399 2510 ltem
425 2447 550 2508 notario
574 2445 696 2508 ibidem
723 2465 780 2528 pro
805 2446 907 2508 literis
924 2445 1119 2508 inhibitoriis
1143 2465 1199 2507 seu
1218 2447 1408 2508 remissoriis
1425 2460 1480 2508 aut

219 2555 430 2617 instrumento
455 2553 587 2636 publico
612 2573 674 2614 una
700 2573 772 2614 cum
797 2553 956 2616 relatoriis
977 2553 1041 2614 dati
1067 2566 1141 2614 sunt
1157 2601 1164 2615 .
1181 2602 1212 2615 ..
1236 2553 1304 2616 flor.
1329 2553 1392 2636 l¹l,.

322 2658 400 2722 ltem
426 2659 457 2720 in
482 2659 584 2733 prima
617 2659 772 2721 instancia
805 2658 979 2722 Chasmam
1012 2659 1120 2721 eundo
1152 2659 1192 2720 ad
1217 2660 1389 2721 terminum
1414 2660 1479 2721 duo

219 2787 256 2829 ex
281 2765 431 2828 iratribus
462 2785 517 2846 per
548 2785 601 2827 sex
632 2765 700 2827 dies
731 2765 866 2848 expositi
897 2779 971 2827 suot
1002 2765 1070 2829 llor.
1103 2762 1164 2844 lll.,
1199 2784 1261 2826 una
1287 2785 1361 2828 cum
1386 2767 1480 2848 equis

220 2872 492 2956 appreciantibus.

281 3000 285 3004 ⁴
324 2977 401 3041 ltem
426 2977 553 3039 duobus
577 2978 910 3059 procuratoribus...
936 2977 1028 3042 flor..
1049 3028 1080 3042 ..

325 3084 403 3149 Item
427 3104 485 3166 pro
510 3084 607 3167 pariis
631 3083 862 3167 exceptionum
887 3085 1070 3147 oblatorum
1096 3105 1152 3167 per
1177 3086 1215 3149 R.
1238 3086 1366 3148 notario
1390 3085 1483 3148 datus

222 3191 289 3257 flor.
316 3191 364 3276 ¹j,.

327 3298 404 3361 ltem
431 3297 508 3359 leria
534 3304 630 3360 tercia
658 3311 732 3359 ante
764 3295 881 3358 lestum
906 3298 935 3359 b.
968 3296 1123 3359 Anthonii
1146 3298 1281 3359 Abbatis
1305 3310 1336 3360 et
1360 3296 1482 3360 confes·

224 3406 304 3467 soris
329 3405 368 3466 ad
393 3405 567 3467 terminum
593 3403 733 3465 secunde
758 3403 924 3482 instancia,
948 3403 988 3464 ad
1010 3417 1120 3465 contra
1145 3403 1369 3485 excipiendum
1396 3423 1484 3466 man-

225 3511 335 3573 datum
360 3510 629 3593 procuratorium,
654 3509 719 3570 duo
743 3507 856 3570 fratres
879 3527 1036 3570 unacum
1062 3509 1154 3590 equis
1178 3522 1395 3590 exposuerunt
1418 3507 1485 3573 flor.

225 3616 274 3697 lll,
298 3617 406 3679 eundo
431 3630 462 3680 et
485 3616 652 3678 redeundo
676 3636 731 3677 sex
755 3615 878 3678 diebus.

329 3722 407 3786 ltem
434 3723 491 3786 illo
515 3723 654 3784 termino
672 3742 737 3784 non
755 3723 880 3804 excepit
903 3735 1013 3784 contra
1031 3721 1230 3801 mandatum,
1255 3721 1310 3784 sed
1336 3720 1487 3803 produxit

225 3830 381 3911 quasdam
405 3828 536 3891 frivolas
561 3830 770 3911 excepciones
794 3842 903 3890 contra
922 3828 1022 3889 breve
1047 3827 1261 3909 apostolicum
1287 3841 1318 3889 et
1342 3826 1487 3907 jurisdic-

226 3938 352 3998 cionem
377 3936 610 4018 delegatorum,
635 3956 693 4018 pro
710 3955 845 4018 quarum
870 3935 967 4018 pariis
984 3934 1109 3996 notario
1128 3935 1221 3997 datus
1245 3950 1314 3997 est.
1332 3983 1339 3997 .
1355 3983 1363 3998 .
1380 3933 1448 3998 flor.
1465 3932 1486 3997 l.
