3420 5250
624 1373 752 1465 (Anno
780 1369 937 1458 Domini
964 1367 1117 1462 MDIX.l

245 1732 333 1808 Item
369 1733 403 1807 in
432 1753 526 1805 anno
563 1729 705 1805 Domini
731 1730 917 1804 millesimo
947 1727 1236 1828 quingentesimo
1270 1748 1377 1818 nono,
1415 1732 1504 1799 tem·

242 1879 332 1956 pore
360 1854 529 1930 videlicet
558 1854 674 1953 quarti
699 1853 879 1950 judicatus
900 1852 1085 1954 prudentis
1105 1860 1144 1926 et
1172 1850 1421 1948 circumspecti
1441 1849 1505 1924 viri

244 1979 397 2056 Emerici
419 1977 606 2078 llikwlych
627 1978 723 2068 dicti,
752 1976 810 2052 lilii
832 1975 1018 2066 Demetrii,
1047 1975 1209 2050 moderni
1223 1973 1353 2072 judicis
1379 1974 1504 2064 nostri,

242 2126 392 2204 presens
426 2102 636 2177 kathernum
674 2110 733 2176 est
773 2102 1012 2201 conscriptum
1043 2100 1150 2175 modo
1180 2106 1218 2174 et
1246 2098 1370 2173 ordine
1399 2109 1507 2198 prout

243 2235 357 2327 patet,
397 2225 487 2301 feria
529 2226 686 2300 secunda
725 2225 888 2325 proxima
928 2225 963 2299 in
1004 2223 1170 2324 profesto
1211 2222 1309 2297 beati
1353 2220 1505 2321 Georgii

789 2349 958 2424 martiris.

761 2628 823 2692 (23.
847 2617 980 2693 aprilis).

351 2773 449 2847 Quod
474 2774 549 2855 quia
575 2794 633 2835 nos
650 2775 866 2836 communitas
883 2776 1056 2856 quemdam
1074 2772 1232 2858 (h)ortunt
1257 2788 1400 2834 nostrum
1419 2791 1505 2832 com·

244 2899 373 2941 munem
401 2880 431 2941 in
457 2881 617 2941 territorio
653 2895 759 2942 nostre
791 2881 927 2942 civitatis
959 2881 1104 2943 habitum
1137 2894 1167 2941 et
1199 2880 1399 2956 existentem,
1424 2878 1505 2939 inter

243 2986 382 3067 (h)ortos
406 2986 531 3047 Nicolai
556 2987 683 3063 sutoris,
708 2989 747 3048 ab
772 2988 933 3065 orientali,
957 3002 987 3049 et
1004 2988 1064 3049 hoc
1089 2987 1229 3049 concivis
1254 2986 1352 3048 nostri
1377 2985 1417 3046 de
1434 2985 1505 3046 vico

244 3108 389 3155 sutorum
414 3107 485 3154 eta
510 3094 713 3155 meridionali
746 3094 848 3177 plagis
879 3109 960 3156 terre
993 3095 1129 3158 arabiles
1158 3094 1312 3156 heredum
1344 3113 1399 3154 seu
1434 3112 1505 3154 suc-

244 3220 406 3262 cessorum
432 3200 569 3261 condam
595 3201 725 3261 domine
756 3201 889 3281 Agnetis
921 3200 985 3262 lilie
1019 3202 1157 3263 condam
1189 3200 1362 3281 Augustini
1387 3200 1504 3260 Kwsne

244 3306 332 3384 dicti,
357 3306 435 3367 olim
471 3307 613 3367 concivis
644 3307 754 3385 nostri,
786 3308 825 3368 ab
857 3308 1048 3369 occidentali
1084 3326 1160 3370 vero
1192 3307 1274 3369 inter
1297 3306 1432 3388 (h)ortos
1455 3325 1505 3368 ec·

244 3412 338 3474 clesie
363 3412 463 3473 sancti
489 3412 617 3473 Martini
644 3414 675 3474 in
701 3413 772 3475 vico
793 3427 937 3475 sutorum
956 3413 1098 3493 fundate,
1122 3434 1139 3475 a
1164 3412 1417 3494 septemtrionali
1435 3431 1505 3492 par·

243 3519 329 3581 tibus
352 3519 402 3580 via
427 3520 619 3598 communis,
636 3520 732 3581 simul
753 3540 826 3582 curn
843 3520 995 3582 omnibus
1012 3521 1156 3583 eiusdem
1174 3520 1282 3603 (h)orti
1300 3519 1507 3603 pertinenciis

244 3624 380 3707 provido
405 3639 436 3687 et
460 3625 692 3708 circumspecto
724 3627 793 3688 viro
818 3627 947 3698 Thome
980 3642 1015 3690 ut
1039 3628 1102 3689 iam
1135 3646 1221 3690 novo
1245 3626 1370 3689 concivi
1395 3639 1506 3688 nostro

244 3750 280 3792 ac
303 3730 437 3793 honeste
462 3732 593 3793 domine
619 3733 720 3795 Elene
745 3734 923 3796 conthorali
950 3733 1095 3796 eiusdem
1117 3748 1148 3797 et
1170 3753 1227 3816 per
1251 3733 1338 3815 ipsos
1362 3733 1505 3815 ipsorum

243 3837 415 3899 heredibus
438 3858 497 3919 pro
529 3839 640 3900 decern
674 3839 743 3904 flor.
776 3839 1004 3923 perpetualiter
1035 3840 1259 3917 vendidimus3
1287 3840 1337 3901 cui
1363 3839 1436 3902 data
1460 3852 1507 3901 est

244 3944 334 4006 litera
359 3944 567 4026 privilegialis
592 3944 669 4007 feria
694 3961 807 4028 quarta
831 3947 862 4008 in
881 3946 962 4009 festo
983 3946 1234 4010 Purificacionis.
1251 3951 1348 4008 Anno
1373 3946 1505 4008 Domini

245 4050 419 4111 millesimo
444 4052 705 4132 quingentesimo
730 4072 829 4118 nono.

350 4174 428 4236 ltem
453 4175 541 4257 quod
566 4176 641 4257 quia
666 4197 725 4239 nos
753 4178 968 4240 communitas
999 4178 1162 4260 quandam
1188 4178 1322 4239 domum
1347 4190 1506 4240 muratam

243 4295 384 4342 nostram
416 4301 623 4344 communem
655 4284 746 4345 aliter
777 4284 968 4368 Zydanycza
1001 4299 1168 4364 vocatam,
1200 4285 1231 4346 in
1269 4285 1353 4346 dicta
1377 4284 1505 4346 civitate

244 4401 361 4467 nostra,
384 4388 466 4450 inter
491 4388 625 4450 domum
650 4410 706 4451 seu
734 4388 870 4452 lundum
895 4392 954 4453 viri
987 4392 1113 4473 providi
1147 4406 1177 4453 et
1201 4391 1326 4453 honesti
1351 4390 1507 4453 Johonnis

245 4494 387 4555 concivis
411 4497 510 4556 nostri
536 4497 663 4577 generis
695 4497 844 4559 videlicet
877 4497 968 4559 Hans
999 4498 1160 4581 Frayzkar
1190 4498 1337 4559 similiter
1365 4497 1507 4582 concivis

244 4601 355 4679 nostri,
379 4603 419 4663 ab
444 4622 518 4680 una,
543 4603 693 4665 videlicet
718 4604 922 4665 meridionali
946 4619 1046 4687 parte,
1071 4606 1111 4666 ab
1139 4605 1237 4666 altera
1262 4623 1339 4667 vero
1363 4604 1422 4666 viri
1447 4604 1506 4667 cir-

244 4709 418 4790 cumspecti
443 4722 475 4770 et
505 4709 631 4772 honesti
656 4710 754 4772 Marci
781 4710 925 4794 Posegay
957 4711 1104 4775 similiter
1134 4711 1276 4774 concivis
1300 4712 1410 4788 nostri,
1435 4730 1505 4794 sep-

244 4814 439 4876 temtrionali
464 4815 617 4897 partibus,
642 4829 673 4878 et
696 4817 737 4877 ab
760 4816 952 4880 occidentali
975 4817 1081 4902 platea
1106 4818 1298 4902 communie,
1322 4818 1430 4893 sitam,
1452 4816 1505 4878 ha·
