3428 5256
229 340 285 403 ¹72
754 320 942 381 Inventaria.

327 535 416 611 Item,
441 534 521 594 liber
553 533 810 612 Institucionum,
842 533 991 596 similiter
1023 533 1062 593 ad
1097 532 1230 594 modum
1256 533 1429 615 antiquum
1455 548 1488 596 et

222 641 379 722 incipiunt
403 642 435 701 in
459 654 546 702 textu
569 640 825 722 »imperatoriam
852 640 1086 717 maiestatem«,
1115 655 1145 700 et
1170 641 1201 701 in
1229 640 1291 703 fine
1317 642 1391 703 libri
1416 642 1488 704 finit

225 767 300 828 ‘per
324 748 433 808 omnia
457 748 564 808 secula
589 747 782 808 seculorum.
807 750 945 808 Amen«.

328 852 418 930 Item,
442 866 545 915 textus
569 853 814 914 lnstitucionum
838 852 906 913 sine
923 853 1026 933 glosa,
1051 867 1081 912 et
1105 851 1217 933 incipit
1233 853 1380 916 similiter
1407 855 1486 915 ›im-

221 960 414 1040 peratoriam
438 960 670 1036 maiestatem«,
695 958 763 1020 sine
789 959 1004 1040 coopertorio.

330 1065 418 1142 Item,
442 1086 505 1126 una
534 1065 667 1126 Summa
699 1066 739 1126 de
773 1064 839 1145 jure
871 1065 1039 1142 canonico,
1071 1084 1132 1145 que
1165 1066 1275 1147 incipit
1310 1066 1424 1149 »alpha
1455 1081 1486 1127 et

221 1170 372 1251 olmega),
390 1191 490 1232 unum
509 1172 540 1232 in
566 1172 707 1233 essencia
732 1186 762 1231 et
786 1172 905 1232 trinum
932 1172 961 1231 in
988 1172 1165 1252 personisc,
1185 1188 1216 1233 et
1241 1173 1272 1234 in
1297 1172 1360 1234 fine
1379 1174 1481 1255 prime

222 1277 336 1358 pagine
351 1277 483 1338 secundi
509 1276 578 1338 folii
603 1275 673 1339 linit
701 1296 782 1357 »que
802 1296 943 1356 congrua
961 1276 1080 1354 clero«,
1106 1294 1136 1338 et
1161 1279 1193 1339 in
1221 1278 1281 1340 line
1307 1280 1380 1341 libri
1404 1277 1485 1357 finit,

226 1398 290 1443 »est
314 1398 422 1443 autern
447 1383 571 1465 liquere
596 1383 635 1444 de
662 1383 877 1460 intencione«,
902 1398 981 1444 testa
1005 1403 1124 1447 carens.

329 1489 415 1566 ltem,
440 1489 515 1549 certi
540 1489 613 1549 libri
639 1489 669 1549 in
703 1487 770 1568 jure
795 1488 880 1549 civili
913 1489 1101 1567 continenti,
1133 1511 1243 1551 carens
1275 1495 1481 1574 coopertorio

222 1610 252 1655 et
277 1609 323 1654 est
346 1595 448 1676 prima
473 1595 588 1676 pagina
613 1594 729 1672 deleta,
764 1610 794 1655 et
826 1595 858 1655 in
885 1594 947 1655 line
980 1597 1080 1676 prime
1113 1598 1228 1678 pagine
1254 1600 1385 1660 secundi
1412 1599 1480 1661 folii

222 1700 290 1761 linit
318 1716 371 1761 »ut
395 1722 410 1760 e
436 1701 697 1783 deposicionibus
721 1715 878 1782 quatuor‹
914 1715 944 1762 et
969 1717 1053 1762 caret
1083 1701 1157 1781 fine,
1191 1718 1220 1764 et
1245 1704 1340 1766 habet
1365 1706 1395 1766 in
1422 1705 1484 1766 line

227 1824 343 1885 »gener
368 1821 398 1866 et
422 1826 567 1867 socero«.

329 1911 418 1989 Item,
443 1932 568 1974 summa
593 1911 761 1974 Ganilredi
788 1912 827 1973 de
853 1914 937 1973 bona
962 1913 1077 1991 littera,
1103 1934 1166 1995 que
1199 1915 1311 1996 incipit
1335 1935 1407 1977 cum
1435 1937 1484 1977 ru·

228 2017 314 2078 brica
343 2018 496 2080 »Summa
520 2039 616 2100 super
640 2018 750 2079 titulos
774 2019 1016 2097 decretalium,
1041 2034 1072 2080 et
1097 2021 1128 2080 in
1153 2018 1216 2082 line
1241 2022 1342 2102 prime
1369 2023 1485 2102 pagine

222 2124 355 2184 secundi
381 2123 450 2185 folii
476 2123 556 2202 linit,
584 2125 660 2186 »hec
698 2145 762 2186 non
796 2141 870 2187 sunt
902 2140 1011 2186 eontra
1043 2127 1238 2208 apostolum,
1264 2128 1373 2207 quia‹,
1398 2142 1428 2190 et
1454 2129 1485 2189 in

223 2228 285 2290 fine
309 2229 382 2291 libri
405 2229 475 2292 linit
503 2231 630 2292 »malim
657 2232 756 2312 repeti
782 2251 879 2311 quam
904 2251 1005 2292 essee.

329 2336 417 2416 ltem,
435 2338 552 2397 librum
571 2336 745 2417 Speculum
762 2337 895 2399 ecclesie
917 2352 1148 2418 nuncupatum,
1166 2338 1205 2399 de
1225 2339 1327 2400 littera
1341 2341 1484 2421 antiqua,

223 2456 253 2502 et
278 2443 309 2502 in
333 2442 394 2503 line
420 2444 492 2504 libri
518 2444 640 2504 habens
664 2444 822 2504 rubricam
847 2444 887 2505 de
912 2444 1075 2526 sepultura
1102 2460 1315 2507 mortuorum.

473 2694 716 2773 Sequuntur
748 2694 849 2754 libri
878 2693 1231 2755 sermocionales.

331 2855 438 2915 Primo
463 2855 594 2935 quidem
619 2855 701 2915 liber
724 2854 966 2915 sermocionalis
991 2853 1094 2913 fratris
1120 2854 1274 2914 Armandi
1301 2855 1339 2915 de
1366 2855 1479 2915 Belko-

225 2962 447 3038 misa,habens
465 2961 496 3021 in
522 2961 680 3041 principio
705 2960 878 3041 quemdam
904 2978 1087 3019 sermonem
1103 2961 1185 3021 Petri
1213 2960 1482 3041 Rothomagensis

225 3068 378 3148 episcopi,
404 3082 434 3126 et
458 3081 530 3126 sunt
562 3086 727 3127 sermones
760 3066 798 3125 de
831 3066 1019 3125 auctoritate
1056 3066 1229 3146 psalmiste,
1264 3081 1295 3127 et
1328 3067 1484 3148 incipiunt

228 3175 436 3235 »Reverendo
456 3175 485 3234 in
505 3174 633 3235 Christo
651 3174 730 3253 patri
749 3188 778 3232 et
804 3172 970 3248 domino«,
989 3169 1098 3232 etlinit
1122 3172 1152 3232 in
1172 3171 1233 3232 fine
1258 3172 1331 3233 libri
1360 3172 1480 3232 ›eciam

225 3281 340 3341 dividit
364 3296 393 3340 et
420 3281 520 3358 unit«,
546 3281 613 3340 sine
638 3280 805 3341 asseribus.

331 3405 419 3482 ltem,
445 3424 526 3464 unus
551 3404 631 3464 alius
654 3403 735 3463 liber
759 3403 1000 3464 sermocionalis
1026 3402 1181 3480 delestis,
1211 3402 1348 3484 Byhardi
1375 3403 1414 3463 de
1433 3422 1484 3463 or-

226 3513 299 3571 dine
325 3510 456 3572 fratrum
483 3512 657 3587 minorum,
682 3524 712 3570 et
736 3509 847 3590 incipit
876 3510 1090 3590 »Sapientiam
1123 3523 1306 3571 sanctorum
1325 3524 1485 3586 narrante,

226 3619 346 3679 habens
371 3619 452 3680 circa
477 3617 572 3678 linem
598 3636 762 3676 sermones
787 3636 844 3698 pro
871 3617 1050 3678 visitatione
1076 3632 1105 3677 et
1132 3618 1161 3677 in
1187 3616 1325 3677 sinodali
1351 3636 1484 3696 congro·

224 3726 370 3806 gacione,
395 3740 424 3785 et
457 3725 525 3786 finit
561 3723 718 3784 »dilatasti
750 3743 876 3802 gressus
908 3743 998 3784 meus
1029 3727 1141 3785 subtus
1174 3744 1257 3796 mec,
1286 3738 1316 3784 et
1340 3740 1386 3785 est
1411 3743 1485 3784 coo·

225 3849 332 3913 pertus
357 3833 395 3893 de
422 3835 530 3893 rubeo.

333 3940 421 4017 ltem,
445 3940 526 3999 alius
553 3939 635 3999 liber
668 3937 911 3998 sermocionalis
943 3937 982 3997 de
1017 3936 1113 4012 festis,
1139 3952 1169 3998 et
1202 3937 1313 4018 incipit
1339 3938 1369 3996 in
1396 3937 1487 4017 nigro

230 4046 280 4105 »ln
307 4047 405 4105 domo
430 4047 526 4127 patris
551 4046 613 4105 mei
640 4045 822 4105 mansiones
847 4045 946 4105 multe
976 4060 1080 4121 sunt«,
1106 4058 1137 4104 et
1162 4044 1192 4104 in
1218 4041 1280 4103 line
1305 4044 1407 4124 prime
1433 4064 1486 4124 pa·

225 4153 299 4232 gine
324 4153 455 4213 secundi
482 4151 549 4212 lolii
575 4151 644 4211 linit
674 4171 856 4231 ›nunquam
876 4151 1027 4226 debente,
1053 4165 1083 4211 et
1100 4152 1131 4211 in
1155 4148 1218 4210 fine
1243 4149 1315 4209 libri
1342 4147 1411 4210 linit
1435 4164 1487 4210 »ut

226 4260 359 4321 heredes
384 4275 414 4320 et
438 4259 617 4334 sulamite«,
642 4274 671 4319 et
697 4274 743 4319 est
767 4259 841 4318 satis
866 4259 993 4339 spissus.

333 4367 420 4441 ltem,
452 4367 533 4425 alius
566 4366 646 4425 liber
682 4365 935 4441 sermocionalis,
971 4380 1001 4426 et
1033 4379 1079 4425 est
1117 4365 1147 4424 in
1181 4364 1293 4446 papiro
1327 4362 1366 4422 de
1392 4382 1486 4442 parva

226 4475 339 4549 forma,
365 4489 394 4534 et
420 4473 531 4554 incipit
561 4474 610 4532 ›in
636 4473 805 4532 dominum
832 4487 976 4532 nostrum
1010 4472 1118 4532 Jesum
1144 4470 1343 4546 Christum«,
1367 4467 1488 4529 habens

228 4582 258 4642 in
284 4578 347 4640 fine
372 4599 553 4640 sermonem
580 4579 618 4638 ad
645 4580 778 4655 clerum,
803 4595 833 4638 et
859 4580 889 4638 in
916 4577 977 4639 line
1005 4577 1076 4639 libri
1102 4576 1171 4639 finit
1199 4597 1274 4661 ›per
1298 4594 1414 4657 uquam
1435 4597 1484 4634 ex·

227 4687 414 4773 pincionis«.

332 4794 421 4870 ltem,
452 4793 591 4873 quedam
625 4811 750 4853 summa
786 4793 826 4856 de
859 4794 949 4856 viciis
979 4805 1011 4857 et
1042 4791 1224 4871 virtutibus,
1255 4807 1287 4854 et
1319 4786 1430 4870 incipit
1455 4788 1486 4849 in
