3428 5256
494 1389 623 1485 (Anno
649 1385 805 1474 Domini
832 1384 1207 1486 uccoonxxxffl.)

231 1724 335 1801 Anno
352 1724 496 1800 Domini
512 1723 701 1799 millesimo
727 1724 1082 1823 quadringentesimo
1099 1725 1352 1822 octuagesimo
1368 1725 1495 1816 tercio,

231 1860 395 1949 tempore
410 1848 590 1946 judicatus
630 1846 782 1944 Georgii
814 1845 1038 1923 Vitltlrowicz
1070 1848 1229 1922 moderni
1253 1846 1384 1944 judicis
1414 1872 1493 1949 pte·

231 1997 317 2049 sens
347 1974 532 2048 laternum
568 1982 627 2047 est
663 1971 807 2061 lactum,
849 1973 1004 2047 sabbato
1043 1972 1204 2070 proximo
1243 1980 1328 2047 onte
1362 1970 1494 2048 lestum

481 2095 747 2170 Purificacionis
785 2095 893 2169 beate
932 2095 1043 2171 lllarie
1072 2096 1231 2193 virginis.

760 2350 800 2416 (1.
815 2342 996 2419 februarii).

336 2486 404 2546 Nos
435 2485 649 2546 communitas
681 2485 798 2547 civium
831 2485 967 2546 civitatis
1002 2484 1292 2564 Montisgrecensis.
1335 2485 1490 2545 ilemorie

231 2590 518 2668 commendamus,
551 2591 638 2671 quod
675 2610 733 2652 nos
767 2590 973 2652 vendidimus
1000 2589 1162 2671 quandam
1195 2590 1321 2651 vineam
1356 2589 1492 2650 condam

231 2696 398 2759 Elizabeth
426 2696 539 2758 Glazia
561 2697 655 2774 dicte,
673 2712 802 2779 propter
819 2695 980 2759 delectum
998 2696 1140 2774 seminis,
1164 2699 1285 2776 absque
1302 2711 1493 2758 testamento

230 2804 453 2882 decedentem,
477 2804 517 2864 ad
543 2824 600 2864 nos
626 2804 810 2865 devolutam
844 2805 874 2864 in
908 2804 1068 2866 territorio
1100 2817 1220 2880 nostro,
1241 2822 1339 2883 penes
1367 2803 1492 2864 vineam

231 2909 386 2992 Stephani
403 2910 571 2992 selliparis,
596 2925 719 2992 aparte
752 2909 968 2986 meridionali,
992 2930 1009 2970 a
1037 2924 1125 2990 parte
1150 2928 1225 2969 vero
1241 2910 1494 2990 septemtrionali

230 3035 327 3099 penes
353 3016 480 3077 vineam
512 3016 640 3077 Thome
665 3017 804 3093 sartoris,
829 3016 975 3077 moderni
1002 3015 1093 3095 jurati
1119 3030 1149 3076 et
1172 3015 1314 3076 concivis
1342 3015 1452 3091 nostri,
1476 3036 1493 3076 a

230 3136 318 3205 parte
341 3142 418 3184 vero
450 3122 640 3184 occidentali
675 3122 755 3184 inira
788 3142 888 3203 usque
921 3123 1089 3184 decursum
1123 3141 1225 3203 aque,
1257 3142 1329 3183 curn
1354 3122 1494 3202 virgulto

230 3229 334 3291 eidem
359 3229 547 3307 subiacenti,
581 3230 679 3311 ipsam
715 3228 882 3290 Elizabeth
908 3228 1020 3290 Glazia
1054 3228 1231 3310 empcionis
1259 3228 1353 3288 titulo
1389 3228 1493 3289 litera·

229 3335 309 3397 totie
343 3351 602 3413 concernentem,
627 3350 721 3416 prout
752 3335 902 3412 vidimus,
934 3334 1141 3395 vendidimus
1173 3334 1309 3415 provido
1337 3335 1406 3393 viro
1431 3333 1494 3396 De·

230 3441 346 3503 metrio
370 3440 437 3503 filio
462 3442 611 3503 videlicet
635 3441 771 3502 condam
799 3440 930 3522 Georgii
963 3441 1192 3523 Boynikowicz
1218 3440 1257 3499 de
1282 3440 1492 3500 Zelna·zenth

230 3546 359 3625 Milrlos,
377 3547 534 3608 moderno
552 3547 654 3628 jurato
672 3563 701 3608 et
720 3548 845 3609 concivi
863 3561 983 3625 nostro,
997 3567 1054 3629 pro
1071 3546 1224 3608 tredecim
1250 3544 1319 3607 flor.
1338 3560 1368 3606 et
1381 3546 1491 3607 medio

229 3652 298 3716 flor.
324 3653 403 3717 auri.
438 3653 556 3714 Datum
581 3653 633 3714 die
659 3668 688 3714 et
713 3672 799 3714 anno
823 3653 1055 3735 suprascriptis.

336 3760 402 3821 Nos
434 3760 649 3821 communitas
681 3773 760 3843 etc„
793 3759 881 3840 quod
914 3778 972 3819 nos
1004 3759 1167 3840 quandam
1205 3759 1318 3820 silvam
1354 3759 1492 3820 condam

232 3862 345 3926 Glazia
370 3880 500 3947 propter
524 3864 685 3927 delectum
712 3865 845 3927 seminis
877 3866 998 3945 absque
1030 3878 1222 3926 testamento
1247 3865 1493 3942 decendentem,

228 3970 268 4031 ad
294 3990 353 4032 nos
379 3971 577 4047 devolutam,
603 3971 701 4032 modo
726 3970 921 4049 supradicto,
947 3971 978 4030 in
997 3971 1159 4031 territorio
1184 3985 1294 4031 nostro
1319 3990 1416 4053 penes
1438 3971 1492 4031 sil-

228 4096 302 4139 vam
328 4091 435 4139 nostre
460 4078 701 4138 communitatis
724 4077 920 4154 censualem,
945 4097 962 4137 a
987 4091 1074 4158 parte
1103 4076 1253 4138 videlicet
1277 4077 1492 4154 meridionali,

228 4202 246 4243 a
271 4196 360 4264 parte
385 4202 461 4244 vero
486 4183 739 4264 septemtrionali
765 4202 863 4264 penes
886 4183 999 4243 silvam
1026 4182 1154 4243 Thome
1179 4182 1319 4260 sartoris,
1344 4183 1492 4243 moderni

227 4286 373 4369 juratio
407 4304 495 4371 parte
528 4310 603 4351 vero
635 4290 826 4351 occidentali
861 4309 958 4369 penes
991 4290 1074 4350 viam
1107 4309 1336 4367 communem,
1362 4309 1378 4350 a
1403 4303 1491 4372 parte

226 4408 333 4457 autem
359 4396 508 4457 orientali
535 4394 614 4458 inira
642 4415 742 4477 usque
767 4395 936 4457 decursum
967 4414 1061 4476 aque,
1086 4394 1209 4478 prefato
1235 4396 1400 4457 Demetrio
1425 4395 1492 4457 filio

227 4498 361 4585 Georgii
389 4501 611 4563 Boinikovich
645 4502 802 4563 moderno
835 4501 938 4581 jurato
962 4516 993 4563 et
1024 4502 1148 4563 concivi
1175 4515 1285 4564 nostro
1310 4521 1367 4584 pro
1391 4502 1493 4563 tribus

227 4604 298 4673 llor.
323 4608 391 4670 auti
417 4607 632 4671 vendidimus.
659 4608 775 4670 Datum
802 4607 854 4670 die
879 4622 910 4670 et
934 4627 1020 4669 anno
1045 4609 1218 4690 premissis.

333 4712 411 4777 ltem
436 4712 591 4795 providus
624 4713 743 4777 Paulus
774 4714 918 4776 literatus
950 4713 1034 4775 filius
1066 4714 1204 4776 condam
1230 4714 1340 4776 iacobi
1364 4713 1492 4789 sutoris,

226 4818 308 4883 olim
331 4816 425 4903 jurati
458 4832 489 4882 et
520 4818 663 4883 concivis
694 4819 813 4899 nostri,
845 4838 881 4883 ec
913 4819 1049 4903 provida
1079 4824 1190 4901 Agnes
1221 4832 1323 4883 mater
1345 4818 1490 4882 eiusdem
