3428 5256
223 398 283 449 222
690 375 695 386 ’
768 380 917 449 Ramnes.

327 600 405 662 ltem
438 600 512 662 dedi
547 599 709 662 Clementi
743 598 834 661 labro
866 597 919 659 llll
953 617 1026 659 cum
1058 597 1163 658 media
1197 617 1295 679 pensa
1319 598 1406 676 den„
1434 600 1498 681 qui

221 707 379 770 laboravit
402 706 441 768 ad
467 720 575 789 portas
598 706 639 768 de
663 705 780 768 arberii
808 704 895 767 habli
921 717 953 766 et
976 703 1076 786 panti.

329 813 370 875 Et
393 813 510 876 iterum
534 811 609 875 dedi
641 810 747 874 eidem
771 811 801 873 X
832 811 918 889 den,
951 810 1007 892 qui
1039 810 1197 872 laboravit
1221 829 1323 873 uuum
1346 824 1424 894 pant
1449 811 1497 874 ad

222 933 347 1000 portam
373 937 523 1000 magnam
547 936 677 996 novam,
701 917 757 999 qui
782 915 843 979 luit
865 915 993 980 fractus.

327 1024 405 1088 ltem
430 1024 505 1087 dedi
530 1023 680 1086 Michaeli
706 1023 832 1085 notario
855 1022 993 1084 civitatis
1016 1021 1074 1083 Xll
1098 1021 1168 1085 flor.

329 1130 406 1193 ltem
432 1131 496 1192 emi
521 1130 631 1192 oleum
657 1129 697 1189 ad
722 1128 906 1210 lampadem
940 1127 1074 1190 ecclesie
1098 1148 1157 1210 pro
1182 1126 1221 1189 lll
1246 1129 1316 1192 flor.

327 1237 406 1299 Item
434 1235 508 1298 dedi
532 1235 673 1318 plebano
697 1236 736 1296 lll
759 1234 828 1297 flor.
853 1255 912 1317 pro
937 1235 1032 1297 missa
1059 1234 1243 1298 ›Cibavit‹.

328 1342 406 1404 ltem
430 1341 506 1404 dedi
532 1342 750 1424 campanatori
776 1341 890 1420 Ilion,
915 1341 970 1422 qui
989 1341 1134 1418 recessit;
1160 1342 1235 1403 item
1261 1341 1335 1403 dedi
1361 1360 1494 1424 campa·

223 1450 329 1511 natori
354 1468 441 1511 novo
462 1448 489 1510 V
513 1449 643 1530 grivnas
667 1448 774 1509 minus
797 1447 919 1508 XXXX
944 1446 1018 1510 den.

327 1555 404 1617 ltem
429 1554 503 1616 dedi
529 1554 746 1637 campanatori
772 1555 812 1616 de
848 1573 956 1635 panno
980 1553 991 1614 l
1016 1553 1098 1632 flor,
1122 1553 1267 1636 jopulam
1289 1573 1348 1637 pro
1373 1554 1486 1617 medio

221 1661 302 1740 flor„
327 1661 413 1724 idem
439 1661 557 1741 caligas
581 1680 639 1743 pro
665 1661 690 1721 L
715 1660 807 1735 den.;
832 1660 906 1721 item
932 1659 1054 1722 redemi
1078 1661 1222 1721 tunicam
1246 1680 1263 1722 a
1288 1674 1407 1722 sartore
1425 1680 1489 1743 pro

224 1766 313 1828 XXV
338 1767 411 1829 den.

328 1874 406 1936 Item
431 1872 505 1934 dedi
531 1872 661 1934 Thome
696 1871 858 1954 lreniparo
883 1873 908 1933 L
933 1871 1018 1951 den„
1050 1872 1107 1954 qui
1138 1871 1297 1935 laboravit
1321 1872 1490 1954 cingulum

222 1979 261 2040 ad
287 1981 430 2061 linguam
456 1997 573 2060 magne
597 1998 763 2061 campane.

328 2086 404 2148 ltem
431 2084 504 2146 dedi
529 2084 614 2146 Xllll
640 2085 712 2148 den.
731 2094 793 2167 pro
806 2104 872 2145 uno
890 2105 984 2146 curru
1009 2085 1049 2146 de
1065 2085 1163 2165 virgis
1187 2084 1226 2145 ad
1252 2085 1488 2167 preparandant

221 2211 330 2274 sepem
355 2191 436 2254 inter
460 2190 579 2252 scolam
605 2204 635 2251 et
659 2210 826 2273 precones.

676 2297 810 2359 Summa
834 2295 910 2358 lacit
933 2296 1036 2358 XXVl
1062 2297 1129 2361 flor.
1154 2310 1184 2358 et
1209 2296 1342 2360 CCXVI
1366 2297 1440 2361 den.

329 2405 408 2467 ltem
434 2405 508 2467 dedi
533 2405 687 2486 magistro
711 2404 798 2465 scole
823 2404 864 2464 lX
890 2403 958 2467 flor.

329 2512 407 2574 Item
432 2511 507 2573 dedi
532 2511 725 2594 preconibus
758 2509 783 2571 ll
814 2510 943 2590 grivnas
975 2522 1006 2570 et
1041 2528 1100 2591 pro
1131 2509 1259 2571 duobus
1291 2510 1422 2573 florenis
1446 2509 1488 2570 de

223 2637 342 2700 panno,
367 2637 425 2701 pro
449 2617 560 2699 caligis
585 2616 612 2680 C
637 2617 722 2695 den,
747 2630 778 2677 et
802 2635 860 2699 pro
884 2614 1004 2697 jopulis
1037 2615 1092 2677 Vll
1117 2635 1233 2698 pensas
1255 2617 1328 2680 den.

328 2723 406 2784 ltem
430 2742 490 2805 pro
515 2722 620 2804 pileiis
644 2723 762 2783 LXXX
786 2722 859 2784 den.

329 2828 407 2891 ltem
432 2829 554 2890 redemi
579 2829 703 2890 tunicas
728 2829 870 2910 ipsorum
904 2848 920 2888 a
946 2841 1067 2890 sartore
1092 2847 1149 2909 pro
1175 2827 1229 2889 Lll
1254 2828 1328 2892 den.

327 2934 404 2995 ltem
429 2935 493 2996 emi
511 2953 610 2995 unum
628 2953 756 2995 currum
769 2953 889 2995 asseres
905 2946 936 2995 et
959 2933 1090 3014 triginta
1116 2953 1237 2994 asseres
1260 2934 1300 2994 ad
1325 2933 1487 2996 arberium

223 3055 383 3102 muratum
409 3055 482 3103 ante
506 3054 631 3123 portam
657 3040 817 3122 lapideam
851 3058 909 3123 pro
935 3038 1095 3102 CXXVlll
1129 3038 1215 3119 den.‚
1239 3056 1271 3103 et
1294 3040 1403 3102 clavos
1427 3060 1486 3121 pro

225 3147 312 3208 LXX
337 3148 410 3209 den.

330 3252 407 3315 ltem
431 3253 506 3314 dedi
531 3267 653 3335 septem
686 3253 893 3337 carpentariis
926 3252 952 3315 C
982 3268 1012 3314 et
1036 3253 1092 3315 Xll
1127 3253 1212 3332 den„
1237 3254 1292 3335 qui
1318 3251 1488 3316 edificave-

224 3372 298 3418 runt
323 3358 404 3419 illud
430 3359 601 3420 arberium.

328 3464 406 3526 ltem
432 3465 463 3525 in
491 3463 571 3526 festo
590 3465 689 3527 Elene
714 3465 959 3548 propinavimus
975 3465 1111 3526 domino
1135 3465 1225 3526 Bano
1251 3485 1350 3526 unum
1371 3467 1486 3527 bovem

223 3590 281 3651 pro
306 3570 330 3632 ll
354 3571 435 3650 flor.‚
461 3572 536 3633 item
562 3592 661 3654 panes
686 3590 743 3654 pro
769 3570 858 3634 CXX
880 3572 965 3651 den,
990 3572 1066 3633 item
1084 3571 1123 3632 de
1149 3573 1269 3653 pabulo
1294 3592 1352 3654 pro
1377 3571 1488 3650 lflor.,

223 3677 262 3738 de
288 3676 367 3738 feno
388 3677 415 3741 C
440 3678 524 3756 den,
549 3677 589 3738 de
613 3678 820 3739 straminibus
843 3697 901 3760 pro
927 3679 952 3739 L
976 3679 1049 3740 den.

328 3782 404 3844 ltem
431 3803 486 3866 per
511 3783 698 3845 mandatum
724 3783 848 3845 domini
874 3784 953 3846 Bani
983 3783 1214 3846 destinavimus
1239 3805 1335 3847 unam
1362 3784 1488 3847 literam

222 3889 345 3950 domini
373 3890 451 3951 Bnni
476 3889 516 3950 ad
541 3891 691 3952 comitem
719 3889 917 3972 Stephanum
942 3903 974 3951 et
997 3889 1072 3952 dedi
1098 3891 1191 3953 latori
1218 3890 1244 3954 C
1271 3892 1344 3954 den.

330 3995 407 4057 Item
435 3995 509 4056 dedi
534 4011 672 4077 quatuor
696 3996 904 4078 carpentariis
930 3995 1041 4057 LXllll
1068 3994 1153 4073 den,
1178 3997 1233 4078 qui
1259 3997 1488 4079 cooperierunt

222 4120 297 4182 sepe
321 4115 548 4183 anteponam,
566 4115 596 4164 et
620 4102 763 4163 secundo
781 4101 833 4163 die
858 4100 932 4163 dedi
948 4102 1101 4163 omnibus
1125 4102 1197 4164 XVl
1222 4103 1295 4168 den.
1319 4105 1351 4164 in
1369 4102 1484 4165 eodem

223 4208 344 4274 labore.

330 4312 406 4374 ltem
441 4315 504 4375 emi
537 4315 603 4376 duo
635 4335 746 4377 currus
777 4332 917 4376 asserum
950 4334 1008 4397 pro
1041 4312 1191 4376 CXXXX
1224 4314 1311 4393 den,
1335 4329 1367 4375 et
1390 4334 1488 4377 unam

223 4419 345 4479 trabem
371 4419 410 4481 ad
437 4421 572 4482 eandem
596 4441 705 4504 sepem
731 4439 789 4503 pro
821 4419 884 4481 XV·
913 4420 999 4497 den,
1024 4434 1055 4481 et
1085 4419 1195 4481 clavos
1219 4439 1277 4502 pro
1303 4420 1389 4481 LXX
1415 4418 1487 4482 den.

330 4525 406 4588 ltem
433 4525 510 4589 leria
528 4527 624 4590 tercia
641 4541 714 4590 ante
731 4525 848 4589 festum
867 4524 1094 4588 Penthecostea
1109 4525 1354 4609 propinavimus
1369 4544 1488 4588 munus

225 4630 379 4693 Ladizlao
403 4631 565 4716 Vesanny‚
590 4633 711 4695 nuncio
728 4632 853 4695 domini
871 4631 965 4714 regis,
988 4631 1030 4694 de
1046 4631 1168 4714 pabulo
1192 4651 1251 4716 pro
1274 4631 1395 4693 XXXX
1412 4645 1488 4694 octo

223 4736 308 4816 den,
332 4753 362 4798 et
384 4737 492 4820 pullos
515 4738 615 4802 XVlll
639 4739 726 4818 den,
749 4750 782 4801 et
803 4757 904 4822 panea
926 4735 999 4799 XVl
1023 4736 1098 4801 dea.

650 4843 785 4908 Summa
808 4840 885 4907 iacit
906 4839 994 4907 XXll
1018 4839 1089 4906 flor.
1114 4857 1146 4907 et
1171 4839 1343 4907 LXXVllll
1368 4841 1443 4907 dea.
