3428 5256
225 292 243 351 8
752 291 838 349 Anno
861 301 952 368 1472.

224 504 380 565 universis
414 500 717 585 supraspecilicatis,
753 519 810 561 nec
847 520 903 582 per
934 520 986 563 me
1021 500 1150 562 fratrent
1187 499 1379 562 Michaelem
1413 513 1497 562 actu

224 611 375 692 priorem,
402 629 459 670 nec
484 628 539 689 per
564 627 654 668 meos
677 625 874 667 successores
902 627 938 668 ac
970 607 1050 668 alios
1073 603 1185 669 fratres
1217 606 1351 689 predicti
1388 607 1495 668 nostri

224 715 347 776 ordinis
371 715 611 776 Predicatorum
638 712 782 774 eiusdem
807 713 946 791 claustri,
972 713 1004 774 in
1021 731 1091 774 mea
1117 732 1153 774 nc
1177 712 1282 774 tocius
1306 726 1496 775 conventus

225 834 255 881 et
280 819 412 881 fratrum
438 819 560 880 ordinis
579 817 818 879 Predicatorum
837 818 1038 899 presencium
1056 832 1087 878 et
1103 816 1284 880 futurorum
1311 816 1343 878 in
1370 816 1492 880 eodem

222 946 280 1008 pro
304 940 449 1008 ternpore
473 925 664 1006 degencium
688 923 833 1004 personis
861 927 960 1001 (deest)
985 924 1095 1005 vigore
1119 923 1275 1005 presentis
1296 923 1403 1004 scripti
1432 942 1493 985 su·

223 1032 355 1115 perinde
374 1030 522 1107 conlecti,
545 1042 659 1111 sponte
678 1048 730 1090 me
748 1049 783 1090 ac
801 1028 900 1090 libere
924 1029 1068 1110 obligare
1085 1028 1293 1111 compromisi
1311 1027 1431 1111 pariter
1459 1043 1493 1090 et

222 1138 352 1200 assensi.
388 1137 422 1197 ln
448 1155 585 1217 quorum
611 1135 757 1196 omnium
792 1137 900 1214 robur,
940 1135 1137 1216 evidensque
1169 1134 1391 1196 testimonium
1428 1133 1491 1195 has

223 1258 385 1325 presentes
402 1242 496 1303 scribi
522 1240 581 1302 leci
600 1254 630 1301 et
653 1240 760 1321 sigillo
785 1239 882 1302 officii
901 1241 999 1301 nostri
1018 1256 1195 1302 conventus
1218 1238 1369 1322 pendenti
1398 1258 1491 1302 cont·

225 1351 359 1413 munivi.
399 1349 516 1410 Datum
552 1346 629 1408 feria
670 1362 781 1428 quarta
816 1348 961 1429 proxima
993 1361 1067 1409 ante
1099 1346 1214 1408 festum
1245 1344 1488 1407 Purificacionis

226 1457 317 1517 beate
351 1455 491 1535 virginis.
524 1460 619 1515 Anno
646 1453 776 1514 Domini
803 1453 976 1514 millesimo
1004 1452 1324 1534 quadringentesimo
1356 1465 1488 1533 septua-

222 1562 348 1642 gesimo
372 1560 526 1623 secundo

330 1666 426 1740 Quod
452 1666 526 1747 quia
552 1665 713 1745 Georgius
737 1665 877 1744 agricola
911 1662 996 1726 lilius
1028 1663 1166 1725 condam
1199 1663 1325 1726 Nicolai
1349 1662 1407 1726 filii
1432 1663 1487 1725 lo·

223 1773 337 1832 bannis
378 1773 457 1833 olim
489 1772 632 1833 concivis
665 1771 782 1848 nostri,
816 1771 1010 1832 inhabitator
1046 1771 1191 1831 suburbii
1224 1770 1306 1832 dicte
1338 1769 1489 1849 civitatis,

223 1879 368 1940 vendidit
394 1878 557 1959 quandam
591 1877 779 1959 particulam
812 1877 977 1938 cuiusdam
1010 1876 1074 1937 loci
1107 1876 1155 1937 sui
1188 1874 1383 1953 sessionalis,
1407 1875 1488 1937 alias

222 1982 379 2045 hedificiis
403 1983 557 2061 destituti,
583 1984 614 2043 in
647 1983 802 2043 suburbio
836 1982 920 2043 dicte
945 1982 1081 2044 civitatis
1113 1982 1145 2043 in
1178 1982 1329 2064 opposito
1353 1981 1487 2043 ecclesie

223 2104 328 2151 nostre
353 2090 452 2150 sancti
479 2089 607 2150 Martini
633 2088 838 2167 confessoris,
873 2103 903 2149 ct
936 2088 1017 2149 inter
1050 2087 1197 2165 domum,
1221 2087 1425 2169 fundumque
1449 2106 1488 2149 ac

223 2194 371 2256 hedificia
397 2195 511 2278 prelati
537 2194 669 2276 Georgii
696 2196 835 2276 agricole
861 2215 878 2255 a
903 2208 990 2276 parte
1008 2193 1262 2275 septemtrionali
1288 2192 1487 2276 incipiendo,

223 2317 354 2383 aparte
379 2302 528 2363 orientali
553 2302 585 2362 in
618 2302 759 2383 quadam
793 2315 895 2362 statua
929 2313 1132 2362 concremata
1165 2301 1196 2361 in
1222 2300 1361 2382 quadam
1387 2300 1487 2363 domo

223 2408 399 2469 liberorum
432 2427 488 2469 seu
521 2427 740 2470 successorum
774 2409 881 2469 relicte
914 2407 1051 2468 condam
1084 2407 1210 2468 Nicolai
1243 2406 1397 2485 Chehlro,
1430 2408 1487 2469 ubi

222 2534 320 2596 penes
352 2514 487 2576 eandem
520 2528 655 2576 statuam
689 2515 770 2595 lapis
802 2514 900 2574 silicis
925 2514 957 2574 in
988 2529 1070 2575 terra
1103 2527 1149 2574 est
1174 2512 1288 2592 fossus,
1312 2527 1343 2576 et
1366 2513 1486 2576 abinde

223 2620 340 2682 directe
366 2619 570 2702 procedendo
589 2620 629 2681 ad
656 2633 777 2702 partem
814 2618 1047 2681 occidentalem
1080 2619 1226 2701 pervenit
1258 2619 1298 2680 ad
1330 2638 1421 2702 sepes
1444 2620 1485 2681 ad

222 2726 384 2808 quendam
410 2727 518 2808 palum
552 2727 584 2787 in
616 2727 756 2809 sepibus,
779 2727 832 2786 ubi
866 2726 966 2787 eciam
1002 2745 1101 2808 penes
1133 2727 1214 2809 lapis
1245 2726 1343 2788 silicis
1367 2739 1414 2788 est
1438 2725 1486 2787 iu·

223 2832 336 2911 fossus,
362 2833 506 2894 vendidit
531 2833 664 2913 provide
690 2833 816 2894 mulieri
844 2833 944 2893 Elena
966 2846 1078 2894 vocate
1103 2833 1285 2914 Maybenna
1309 2832 1403 2911 dicte,
1420 2830 1486 2894 filie

222 2939 359 3000 condam
385 2938 562 3000 Clementis
587 2938 745 3020 pellificis,
770 2940 849 2999 olim
885 2939 1027 3000 concivis
1060 2940 1169 3016 nostri,
1195 2953 1225 3000 et
1250 2938 1409 3020 Gregorio
1433 2958 1485 2999 su·

224 3047 283 3106 tori
311 3047 425 3106 marito
451 3046 594 3106 eiusdem
622 3061 655 3106 ut
680 3047 742 3106 iam
770 3045 862 3106 novis
887 3045 1075 3106 concivibus
1100 3045 1215 3106 nostris
1239 3059 1270 3105 et
1294 3064 1406 3106 eorum
1431 3044 1485 3107 he·

225 3152 353 3212 redibus
378 3171 435 3232 pro
461 3165 534 3212 octo
559 3151 641 3228 flor,
666 3152 772 3211 eidem
799 3150 941 3231 Georgio
967 3172 1022 3233 per
1051 3151 1186 3213 eandem
1214 3151 1348 3212 Elenam
1373 3150 1487 3212 solutis

224 3258 377 3339 plenarie,
403 3257 508 3318 taliter
525 3270 643 3333 tamen,
661 3258 749 3338 quod
774 3258 798 3317 si
825 3258 925 3339 ipsam
944 3258 1078 3319 Elenam
1096 3259 1184 3340 prius
1200 3272 1231 3319 et
1255 3272 1327 3318 ante
1344 3258 1483 3318 eundem

225 3364 416 3443 Gregorium
444 3364 593 3424 maritum
630 3383 724 3424 suunt
757 3365 840 3425 mori
873 3365 1053 3445 contigerit,
1085 3380 1159 3426 tunc
1192 3363 1304 3426 eadem
1331 3364 1486 3426 medietas

225 3471 367 3532 eiusdem
394 3470 509 3530 domus
533 3484 563 3530 et
589 3468 678 3531 lundi
698 3471 728 3531 in
751 3471 889 3533 eundern
909 3470 1102 3553 Gregorium
1130 3470 1341 3533 condescendi
1368 3471 1483 3549 valeat,

224 3577 285 3637 alia
311 3597 386 3636 vcro
412 3576 566 3637 medietas
590 3577 685 3637 vendi
712 3591 742 3638 et
766 3598 823 3659 pro
848 3579 954 3639 anima
972 3578 1115 3639 eiusdem
1140 3578 1255 3660 exponi
1271 3598 1279 3651 ;
1297 3577 1349 3637 ubi
1376 3592 1482 3637 autern

225 3684 328 3764 ipsum
349 3681 542 3762 Gregorium
561 3683 648 3763 prius
665 3697 738 3744 ante
756 3684 891 3745 eandem
910 3685 991 3745 mori
1011 3684 1190 3764 contigerit,
1214 3697 1343 3744 extunc
1371 3683 1484 3743 eadem

225 3802 290 3849 tota
315 3788 430 3849 domus
455 3802 485 3849 et
510 3788 628 3849 fundus
653 3790 747 3850 unius
772 3804 883 3870 quarte
908 3790 995 3851 curie
1020 3790 1050 3850 in
1085 3789 1220 3850 eandem
1247 3788 1382 3849 Elenam
1407 3807 1484 3847 con-

225 3895 375 3956 descendi
401 3895 515 3956 valeat.
542 3896 645 3976 Super
662 3916 728 3976 quo
745 3910 818 3957 sunt
836 3896 881 3957 eis
899 3897 990 3958 litere
1008 3896 1091 3958 dicte
1108 3895 1244 3957 civitatis
1268 3893 1485 3975 privilegialcs

224 4004 282 4062 sub
307 4003 414 4082 sigillo
439 4002 522 4063 dicte
547 4003 684 4064 civitatis
709 4004 874 4065 communi
899 4003 1036 4084 sigillate
1061 4016 1092 4065 et
1115 4015 1269 4064 emanate.

331 4109 427 4182 Quod
443 4111 518 4190 quia
533 4111 579 4170 vir
591 4111 744 4191 providus
752 4126 783 4173 et
793 4112 946 4172 honestus
961 4109 1122 4191 Georgius
1138 4109 1222 4171 filius
1238 4107 1375 4170 condam
1391 4109 1484 4168 lime-

225 4217 279 4276 rici
305 4218 421 4277 sutoris
448 4218 597 4300 lx'oczyan
617 4217 704 4294 dicti,
729 4218 808 4278 olim
827 4215 966 4279 concivis
984 4216 1094 4293 nostri,
1111 4216 1257 4277 vendidit
1275 4234 1369 4275 unam
1389 4235 1483 4296 quar·

225 4336 287 4382 tam
314 4324 410 4399 curie,
436 4323 618 4403 domusque
643 4337 673 4383 et
699 4322 788 4384 fundi
812 4338 843 4384 et
866 4321 1088 4386 hedificiorum
1115 4323 1145 4383 in
1164 4323 1234 4384 vico
1260 4322 1407 4383 exteriori
1433 4342 1483 4382 su·

224 4442 342 4503 torum,
368 4430 471 4508 ipsum
499 4444 568 4509 post
593 4429 718 4489 obitum
744 4428 857 4510 prelati
886 4429 1023 4491 condam
1058 4428 1196 4490 Emerici
1222 4428 1390 4510 patrissui
1417 4428 1484 4504 jure

224 4533 417 4593 hereditario
441 4549 700 4612 concernentem,
725 4536 815 4595 cuius
831 4536 927 4597 aliam
958 4535 1161 4597 medietatem
1179 4535 1333 4616 providus
1358 4535 1405 4595 vir
1424 4535 1483 4594 Va·

224 4638 365 4700 lentinus
388 4654 476 4699 sutor
499 4638 583 4701 lilius
611 4642 705 4702 Blasii
732 4640 772 4704 de
797 4640 954 4724 Brezthye
970 4640 1160 4704 donacionis
1182 4640 1278 4702 titulo
1301 4643 1342 4703 ab
1366 4642 1482 4703 eodem

226 4743 364 4807 condam
391 4746 538 4808 Emerico
562 4764 683 4829 genero
707 4765 766 4813 suo
791 4746 965 4815 literatorie
997 4746 1173 4815 dinoscitur
1197 4748 1373 4833 possidere,
1399 4748 1484 4813 idem
