3420 5250
761 308 911 373 munes.
1402 329 1464 391 299

304 549 334 611 7.
359 527 491 589 Domini
517 525 638 588 Mathie
663 520 802 587 canto‘ris
827 524 897 588 flor.
920 522 987 587 Xll.

305 634 334 698 8.
359 632 503 714 Magistri
529 632 620 694 Pauli
645 631 686 693 de
712 631 873 713 Ywanycz
898 630 1045 692 canonici
1073 629 1143 692 flor.
1166 628 1219 691 XI.

305 761 334 821 9.
359 739 491 802 Domini
524 739 741 822 capitulariter
773 738 958 820 congregati
991 737 1023 799 in
1059 737 1200 799 sacristia
1233 735 1392 798 dederunt
1425 734 1465 795 ad

201 865 314 907 manus
331 865 418 908 meas
436 846 589 928 pecunias
606 844 748 926 magistri
766 843 1091 926 Iohannisorganiste
1113 842 1183 905 flor.
1201 842 1376 924 nonagInta
1392 856 1464 903 tres.

305 951 382 1012 Item
415 951 548 1033 quidam
580 951 715 1012 rusticus
747 949 787 1011 de
820 949 896 1011 villa
930 948 1129 1012 Chutlrowcz
1160 948 1299 1010 condam
1324 946 1460 1010 colonus

199 1056 323 1119 domiui
350 1055 505 1121 Iohannis
529 1056 749 1119 archidiaconi
778 1055 1013 1135 warasdiensis,
1036 1054 1106 1119 flor.
1131 1055 1166 1120 II.

305 1163 383 1225 Item
408 1164 552 1244 magistri
577 1163 733 1225 Iohannis
757 1162 901 1224 custodis
924 1161 993 1227 flor.
1019 1162 1090 1226 XX.

305 1268 384 1332 Item
409 1268 533 1331 domini
558 1267 691 1351 Georgii
717 1268 934 1330 archidiaconi
969 1268 1008 1329 de
1032 1268 1132 1329 Bexin
1157 1266 1227 1331 flor.
1251 1268 1349 1332 LXX.

305 1374 383 1436 Item
417 1374 523 1436 Bacha
555 1373 722 1436 familiaris
754 1374 892 1436 condam
928 1374 1053 1436 domini
1087 1374 1241 1456 Stephani
1273 1372 1464 1457 suffraganei

200 1479 268 1545 flor.
292 1481 329 1543 II.

305 1587 383 1649 Item
417 1587 540 1649 domiui
578 1587 732 1670 Stephani
772 1586 985 1670 suffraganei,
1017 1587 1238 1670 prepositique
1270 1585 1466 1648 charmensis

200 1693 269 1756 flor.
296 1693 417 1757 decem.

305 1798 382 1860 Item
408 1799 560 1861 dominus
584 1799 731 1861 Andreas
755 1799 894 1862 vicarius
919 1801 951 1861 in
985 1799 1127 1882 quodam
1152 1812 1344 1862 testamento
1369 1819 1464 1880 zago-

203 1903 297 1965 riensi
323 1905 410 1967 misit
432 1905 472 1966 ad
498 1926 547 1966 me
572 1925 628 1988 per
645 1904 823 1989 Georgium
849 1905 989 1986 judicem
1014 1906 1084 1970 flor.
1111 1906 1146 1970 II.

307 2011 384 2072 Item
410 2012 535 2073 domini
562 2010 718 2074 Iohannis
749 2012 887 2075 condam
913 2012 1042 2095 plebani
1074 2012 1114 2073 de
1140 2012 1309 2074 PetrovIna
1333 2010 1404 2074 flor.
1428 2011 1466 2076 V.

810 2118 943 2181 Summa
967 2118 1133 2199 hucusque
1157 2117 1227 2180 flor.
1251 2117 1419 2182 V⁶XVIIII.

788 2299 879 2358 1505.

307 2420 382 2482 Post
415 2418 531 2482 festum
565 2419 783 2481 Exaltacionis
814 2433 922 2481 sancte
955 2418 1078 2498 Crucis,
1111 2419 1234 2480 domini
1260 2418 1292 2480 in
1323 2416 1464 2480 sacristia

200 2526 443 2607 assignaverunt
468 2527 540 2589 misi
572 2526 641 2591 flor.
673 2527 830 2609 quinque,
863 2545 944 2608 quos
973 2526 1091 2605 legavit
1123 2526 1237 2587 BerIek
1269 2522 1400 2586 Godecz
1424 2523 1465 2586 de

200 2631 390 2694 Yuanarelra
414 2648 524 2695 sancto
549 2633 615 2714 regi
642 2631 817 2714 Stephane.

305 2739 382 2801 Item
408 2739 441 2801 in
466 2739 576 2821 vigilia
601 2739 785 2801 Natiuitatis
809 2739 954 2819 Domini,
988 2759 1073 2801 anno
1097 2738 1323 2820 suprascripto,
1348 2738 1464 2800 iterum

199 2842 298 2905 iidem
324 2828 448 2906 domiui
473 2846 717 2926 assignaverunt
740 2844 820 2906 mihi
844 2844 913 2907 flor.
936 2846 1092 2927 quinque,
1117 2864 1199 2927 quos
1223 2845 1262 2907 N.
1288 2863 1367 2905 uxor
1391 2863 1462 2926 pre·

199 2947 255 3011 lati
280 2950 395 3012 BerIek
419 2951 552 3013 ecclesie
577 2971 601 3014 s.
626 2951 710 3032 regis
732 2950 885 3032 Stephani
910 2952 1038 3032 legavit.

784 3112 876 3192 1506.

305 3251 353 3333 (In
378 3251 471 3334 festo)
496 3253 640 3314 Barnabe
664 3253 813 3336 apostoli,
838 3255 988 3337 magister
1013 3255 1160 3317 Matheus
1185 3255 1337 3334 notarius,
1361 3274 1460 3317 cano·

200 3357 300 3436 nicus,
314 3374 464 3420 executor
478 3359 620 3439 magistri
637 3358 811 3421 lheronImi
828 3360 987 3440 organiste
1005 3361 1093 3423 dedit
1111 3361 1179 3426 flor.
1198 3360 1261 3441 IIII,
1275 3381 1357 3442 quos
1374 3360 1459 3422 idem

202 3463 362 3543 legaverat
388 3465 519 3526 ecclesie
545 3466 643 3527 sancti
669 3466 752 3545 regis
778 3465 943 3548 Stephani.

785 3644 876 3710 ¹⁵07·

306 3750 458 3832 Magister
483 3749 631 3812 Matheus
658 3751 811 3831 notarius,
843 3753 1017 3814 canonicus
1049 3754 1276 3833 zagrabiensis,
1301 3755 1355 3836 qui
1382 3755 1463 3815 obiit

200 3857 232 3917 in
258 3855 337 3918 [esto
362 3856 544 3918 Nativitatis
569 3855 687 3918 Christi
717 3857 835 3938 legavit
867 3877 924 3939 pro
956 3859 1089 3920 ecclesIa
1123 3859 1299 3921 kathedrali
1325 3860 1395 3925 flor.
1421 3861 1461 3923 X.

200 3963 280 4024 Item
306 3981 407 4023 unum
431 3983 486 4023 vas
510 3963 587 4042 vini,
612 3962 701 4043 quod
726 3977 772 4024 est
792 3963 958 4025 venditum
984 3965 1053 4027 flor.
1069 3984 1139 4045 sex;
1165 3966 1251 4027 coria
1275 3966 1370 4028 tritici
1395 3962 1462 4044 IIII,

199 4084 229 4131 et
255 4069 279 4130 II
304 4068 392 4130 larda
417 4083 490 4129 sunt
515 4068 586 4129 data
609 4068 648 4129 ad
674 4069 806 4130 calicem
831 4070 863 4130 in
889 4070 1109 4152 Megereyche.

306 4174 400 4237 Circa
433 4193 576 4235 mensem
609 4174 811 4237 decembrem
844 4176 930 4254 anni,
965 4176 1015 4238 vel
1047 4193 1129 4258 post,
1161 4192 1308 4239 mortuus
1340 4192 1386 4239 est
1410 4178 1462 4239 Io·

200 4281 322 4343 hannes
346 4281 487 4362 claviger
510 4300 566 4341 seu
591 4300 686 4342 cocus
719 4280 844 4343 domini
879 4282 911 4344 P.
943 4283 1161 4346 archidiaconi
1193 4285 1380 4365 goricensis‚
1406 4285 1461 4366 qui

200 4388 319 4470 legavit
343 4387 383 4448 ad
407 4401 598 4449 structuram
623 4388 755 4450 ecclesie
781 4388 985 4468 kathedralis,
1011 4405 1044 4450 ut
1067 4391 1233 4471 sequitur:

307 4493 469 4555 Dominus
493 4494 640 4556 Matheus
669 4494 809 4557 decanus
839 4494 1128 4577 prebendariorum
1163 4498 1193 4557 in
1220 4496 1302 4559 festo
1326 4499 1462 4580 Appari·

201 4600 304 4662 cionis
328 4601 427 4661 sancti
453 4600 620 4661 Michaelis
644 4601 817 4682 assignavit
842 4600 920 4662 mihi
955 4601 1023 4665 flor.
1048 4622 1101 4663 sex
1127 4604 1249 4683 legatos
1274 4623 1330 4685 per
1353 4623 1461 4685 supra·

200 4707 353 4789 scriptum
379 4705 558 4768 Iohannem
585 4726 710 4771 cocum.
738 4707 829 4788 1508.

1054 4797 1186 4859 Summa
1212 4796 1287 4862 fecit
1311 4797 1417 4865 VII⁰V.
