3428 5256
260 333 317 412 148
808 331 993 394 Inventarr'a.

253 563 319 608 stos
343 568 410 608 esse
437 548 517 609 inter
542 545 730 626 fragmenta,
755 547 809 607 ubi
835 546 927 607 multi
954 546 1077 629 lapides
1101 547 1317 624 continentur,
1342 559 1372 606 et
1394 546 1426 605 in
1451 563 1514 625 qua

254 672 311 734 pro
337 673 420 714 nunc
446 650 597 714 deficiunt
622 650 718 714 XVll.
745 652 878 733 lapides,
908 671 1047 733 quorum
1074 653 1207 713 nomina
1234 649 1421 732 ignoratur.)

360 761 412 835 (ln
437 762 588 840 margine:
611 757 701 836 Item,
727 778 788 819 una
813 757 914 819 infula
937 777 1009 820 cum
1035 759 1132 840 perlis
1156 759 1186 819 in
1212 771 1281 821 toto
1305 757 1468 818 deaurata.

360 864 461 946 (item,
485 864 547 925 alie
571 878 634 926 tres
657 863 758 925 infule
783 864 887 945 legate
912 884 967 946 per
997 864 1188 946 Dyonisium
1214 864 1428 946 episcopum.)

361 969 450 1048 Item,
474 970 536 1031 alia
562 968 662 1032 infula
688 970 794 1032 minor
826 990 898 1031 curn
931 971 1027 1052 perlis
1059 970 1216 1049 ordinata,
1248 969 1411 1051 aliquibus
1435 967 1516 1049 lapi-

254 1077 349 1138 dibus
373 1077 497 1138 mixtim
523 1077 680 1158 inpositis,
710 1096 774 1158 que
807 1077 950 1139 continet
981 1077 1142 1158 sexaginta
1175 1076 1300 1138 tabulas
1324 1089 1354 1137 et
1378 1074 1514 1156 quadra·

251 1182 339 1263 ginta
362 1197 436 1244 octo
461 1182 584 1264 lapides
607 1182 724 1244 diversi
747 1183 874 1264 generis
898 1197 929 1243 et
952 1183 1080 1260 coloris,
1113 1202 1175 1263 que
1208 1183 1344 1244 habetur
1368 1182 1399 1242 in
1425 1181 1513 1263 capi·

253 1289 323 1351 tulo
352 1288 540 1353 chasmensi.

342 1394 432 1474 Item,
457 1414 557 1456 unum
583 1413 639 1477 par
671 1395 904 1457 cirothecarum
937 1393 1170 1478 pontificalium
1203 1414 1276 1456 cum
1309 1394 1515 1479 ymaginibus

256 1501 392 1562 duarum
426 1519 569 1563 rosarum
602 1514 632 1562 et
660 1501 757 1582 perlis
788 1515 818 1561 et
843 1502 955 1563 ceteris
987 1501 1150 1584 lapidibus
1174 1502 1291 1583 parvis,
1316 1520 1432 1562 novem
1458 1520 1516 1562 nu·

257 1626 358 1686 mer0,
383 1627 455 1669 cum
480 1607 686 1690 ymaginibus
709 1621 903 1685 sanctorum,
929 1607 968 1668 de
993 1627 1072 1669 auro
1090 1608 1263 1671 rahamatis
1287 1607 1337 1668 vel
1363 1607 1519 1685 consutis,

255 1733 391 1795 quarum
418 1733 480 1774 una
506 1712 633 1776 deiecit.

343 1818 432 1898 ltem,
458 1840 558 1882 unum
583 1819 671 1881 aliud
696 1839 752 1902 par
776 1819 1009 1882 cirothecarum
1035 1819 1269 1902 pontificalium
1294 1840 1367 1882 cum
1393 1821 1516 1904 ymagi-

256 1927 350 1988 nibus
374 1941 556 1989 sanctorum
582 1946 694 2007 regum
721 1926 860 1988 Ladislai
893 1941 924 1988 et
949 1927 1102 2009 Stephani
1135 1926 1174 1987 de
1207 1941 1340 2007 argento
1364 1927 1518 1989 deaurato

256 2047 286 2094 et
310 2033 481 2112 smaldato,
505 2047 536 2095 et
565 2033 713 2094 similiter
744 2052 818 2094 cum
851 2031 962 2114 figuris
992 2047 1174 2095 sanctorum
1208 2047 1238 2095 et
1262 2035 1374 2095 ceteris
1399 2033 1519 2115 perulis

256 2140 399 2219 minutis,
423 2138 650 2203 aurifrisatum.

257 2387 461 2469 Sequitur
486 2388 777 2449 inventarium
811 2387 857 2447 de
890 2387 1158 2448 ornamentis
1182 2400 1220 2448 et
1244 2386 1518 2468 paramentis.

362 2547 402 2608 Et
426 2547 543 2628 primo,
567 2546 673 2609 casula
700 2547 781 2628 nigri
807 2546 936 2623 coloris,
959 2545 1000 2608 de
1033 2545 1120 2627 palio
1144 2546 1243 2608 sancti
1269 2546 1352 2625 regis
1378 2544 1518 2606 Ladislai

256 2653 347 2718 lacta.

362 2761 451 2839 ltem,
475 2781 538 2822 una
563 2759 669 2821 casula
695 2758 735 2820 de
760 2777 867 2840 panno
891 2777 990 2820 aureo
1023 2758 1055 2819 in
1080 2776 1195 2839 campo
1221 2760 1321 2819 rubeo
1346 2777 1419 2820 cum
1444 2759 1517 2820 sub-

256 2865 389 2928 ductura
415 2866 454 2927 de
479 2866 615 2928 cendato
641 2867 751 2943 rubeo,
776 2865 897 2926 habens
918 2883 1044 2926 crucem
1070 2884 1087 2924 a
1113 2877 1198 2925 retro
1223 2877 1351 2927 stante
1378 2883 1453 2941 non,
1479 2864 1519 2926 de

254 2971 393 3053 quadam
419 2987 507 3054 parra
531 2991 604 3034 cum
627 2972 730 3034 serico
755 2985 785 3032 et
809 2989 888 3031 auro
914 2983 1107 3032 contextam.

363 3079 452 3156 Item,
478 3098 540 3140 una
558 3078 619 3139 alia
638 3078 744 3139 casula
770 3076 809 3138 de
826 3095 934 3157 panno
952 3096 1050 3137 aureo
1067 3076 1214 3137 similiter
1233 3076 1264 3136 in
1283 3095 1398 3158 campo
1416 3076 1519 3136 rubeo

256 3202 328 3244 cum
354 3184 447 3245 certis
471 3184 690 3265 compassibus
707 3182 746 3244 ad
765 3182 875 3244 leones
892 3202 1017 3260 aureos,
1042 3201 1114 3244 cum
1133 3202 1226 3244 cruce
1251 3202 1268 3243 a
1293 3196 1377 3243 retro
1402 3197 1517 3243 ernon

255 3303 339 3368 ante,
365 3289 404 3351 de
429 3303 517 3370 parta
542 3309 648 3367 aurea,
672 3288 828 3351 subducta
853 3289 892 3350 de
917 3288 1053 3350 cendato
1078 3288 1183 3351 viridi.

364 3395 453 3473 item,
480 3396 510 3456 in
537 3416 599 3457 una
632 3396 738 3457 casula
769 3396 875 3475 glauci
909 3394 1037 3472 coloris,
1069 3393 1223 3458 deficiunt
1254 3396 1293 3456 X.
1319 3392 1441 3476 lapides
1464 3393 1518 3454 ad·

257 3502 354 3563 instar
380 3502 581 3563 residuorum
607 3501 751 3583 lapidum
778 3500 923 3562 eiusdem
949 3500 1066 3562 casule.

363 3626 452 3704 Item,
478 3627 584 3687 casula
610 3628 707 3687 rubea
733 3626 854 3686 habens
887 3639 1039 3706 tanquam
1073 3622 1267 3687 aurifrisium
1293 3644 1349 3708 per
1374 3627 1519 3705 longum,

257 3733 423 3815 ymagines
455 3746 637 3794 sanctorum
671 3733 702 3792 in
735 3751 767 3792 se
801 3733 998 3792 continendo
1030 3752 1103 3793 cum
1134 3732 1272 3812 gemmis
1304 3745 1334 3793 et
1359 3731 1520 3813 lapidibus

257 3840 410 3920 preciosis
434 3838 628 3919 quibusdam
656 3838 802 3898 ordinata
820 3857 893 3899 cum
918 3858 974 3898 sua
993 3838 1164 3899 dalmatica
1188 3851 1219 3899 et
1235 3838 1353 3915 stricta,
1378 3854 1408 3900 et
1425 3839 1520 3899 haber

257 3944 381 4027 lapides
404 3957 525 4025 septem
552 3963 698 4020 numero,
723 3963 832 4005 carens
856 3945 1062 4006 subductuta.

363 4069 451 4145 item,
476 4068 582 4129 casula
608 4067 681 4128 alba
706 4081 816 4128 ornata
839 4087 911 4129 cum
928 4068 1066 4146 gemmis
1090 4087 1145 4129 seu
1171 4066 1267 4149 perlis
1292 4080 1322 4127 et
1347 4067 1520 4128 luminibus

257 4194 329 4235 curn
356 4194 418 4234 una
442 4174 622 4251 dalmatica,
647 4194 756 4235 carens
771 4173 978 4238 subductum.
995 4173 1195 4254 (Ascnptumr
1217 4172 1289 4233 data
1315 4187 1360 4234 est
1385 4173 1519 4235 domino

258 4280 408 4358 Warasd,
433 4294 466 4340 ut
491 4279 585 4341 faciat
610 4279 690 4339 duas
714 4298 830 4360 cappas
855 4280 916 4361 pro
938 4280 1056 4360 pueris,
1080 4294 1210 4362 propter
1235 4281 1453 4358 vetustatem.)

363 4404 452 4481 Item,
477 4404 583 4465 casula
606 4403 711 4483 glauci
730 4404 858 4481 coloris,
881 4403 972 4464 cuius
988 4401 1184 4464 aurilrislum
1201 4400 1327 4483 aliquas
1352 4403 1520 4483 ymagines

256 4523 440 4572 sanctorum
466 4510 645 4587 continens,
663 4508 854 4591 dyademata
879 4509 1019 4590 ipsarum
1037 4507 1226 4590 ymaginum
1251 4521 1281 4568 et
1305 4526 1425 4568 corone
1444 4522 1519 4571 sunt

256 4617 394 4698 gemmis
417 4636 472 4677 seu
498 4616 595 4697 perlis
618 4615 785 4691 ordinata3
818 4614 913 4677 habet
944 4615 1046 4677 eciam
1070 4613 1110 4676 de
1142 4628 1228 4677 tetro
1253 4615 1285 4676 in
1309 4635 1341 4675 se
1367 4614 1450 4674 duos
1474 4614 1521 4676 la·

257 4723 359 4806 pidea,
383 4741 483 4785 unum
507 4721 658 4786 videlicet
682 4721 870 4785 carneolum
893 4734 925 4784 et
946 4719 1048 4785 aliurn
1062 4733 1231 4804 tamquam
1246 4720 1411 4805 saphirum
1437 4720 1521 4802 nigri

256 4829 386 4910 coloris,
409 4844 456 4892 ear
478 4828 547 4891 sola
570 4829 640 4891 sine
664 4827 836 4893 dalmatica
859 4840 892 4891 et
914 4826 1033 4893 anim.
