3428 5256
227 336 287 398 130
754 314 939 379 Inventaria.

328 527 406 589 Item
430 545 531 587 unum
556 525 644 587 aliud
669 525 701 586 in
726 544 834 607 panno
859 526 933 588 albo
958 526 1072 588 sericio
1097 545 1168 588 cum
1195 525 1347 589 leonibus
1371 527 1504 593 aureis.

328 634 406 696 Item
431 652 531 695 unum
549 631 638 694 aliud
663 632 702 692 de
719 651 827 714 panno
844 633 1058 715 damasquino
1075 653 1174 696 aureo
1191 632 1223 696 in
1242 653 1359 716 campo
1378 637 1504 699 rubeo.

332 740 408 802 Item
434 758 534 801 unum
568 737 656 800 aliud
687 739 726 801 de
758 740 867 801 veluto
900 738 1035 821 figurato
1068 759 1141 802 cum
1178 739 1292 803 avibus
1324 742 1439 804 aureis
1465 742 1501 805 in

223 866 339 932 campo
364 847 465 908 rubeo
489 864 622 907 novum.

329 953 406 1014 Item
431 971 532 1013 unum
566 950 654 1012 aliud
687 950 726 1011 de
757 950 919 1013 aurifrisio
943 972 1015 1014 cum
1049 953 1162 1015 ceteris
1193 953 1420 1035 compassibus
1455 955 1501 1018 de

221 1060 323 1122 serico
347 1059 438 1121 rubei
463 1071 495 1122 et
517 1057 612 1119 virtu
637 1039 765 1119 eoloris.

328 1165 404 1227 Item
430 1184 531 1226 unum
556 1164 644 1225 aliud
669 1163 708 1226 de
725 1183 833 1246 panno
858 1184 956 1226 aureo
981 1183 1054 1226 curn
1072 1165 1164 1226 certis
1188 1164 1397 1250 ymaginibus
1422 1168 1497 1231 leo·

222 1291 298 1334 num
324 1285 355 1333 et
378 1271 568 1333 animalium
593 1269 624 1331 in
650 1289 764 1352 campo
790 1272 909 1347 rubeo;
934 1271 996 1331 alia
1021 1291 1098 1333 vero
1123 1271 1318 1334 communia.

328 1378 405 1439 Item
430 1397 494 1439 una
511 1375 593 1438 stola
608 1374 787 1438 aurifrisata
805 1396 879 1437 cum
896 1377 1103 1459 ymaginibus
1126 1391 1310 1439 sanctorum
1334 1376 1375 1439 de
1393 1398 1494 1460 auro,

221 1485 253 1545 in
279 1504 417 1566 quorum
437 1483 684 1566 dyadematibus
708 1497 781 1543 sunt
806 1483 893 1564 perle
911 1497 942 1544 et
963 1482 1074 1544 coralli
1093 1482 1124 1544 in
1143 1502 1257 1566 campo
1282 1484 1395 1563 rubeo,
1414 1487 1496 1548 sub·

221 1590 316 1652 ducta
341 1590 381 1652 de
406 1590 551 1651 cendano
577 1588 681 1650 blavei
706 1588 823 1651 coloris
847 1589 968 1670 absque
1003 1589 1171 1672 manipulo
1195 1589 1303 1653 simili.

327 1696 405 1758 Item
428 1715 490 1757 una
515 1696 597 1757 stola
621 1694 661 1756 de
694 1695 804 1757 veluto
835 1694 971 1776 figurato
999 1696 1038 1757 ad
1072 1716 1146 1757 aves
1178 1715 1290 1758 aureas
1314 1696 1345 1758 in
1371 1716 1495 1781 campo

221 1803 322 1864 rubeo
346 1820 420 1863 cum
446 1801 608 1863 consimili
633 1801 800 1883 manipulo
832 1801 987 1862 subducta
1023 1821 1095 1863 cum
1122 1802 1268 1864 cendano
1292 1801 1397 1865 viridi.

222 1917 224 1921 ‘
329 1907 406 1969 ltem
431 1927 495 1969 una
519 1907 580 1968 alia
605 1907 687 1968 stola
711 1906 751 1969 de
776 1927 884 1988 panno
908 1927 1006 1968 aureo
1035 1907 1250 1989 damasquino
1274 1926 1347 1969 curn
1373 1909 1493 1971 ceteris

223 2014 446 2096 compassibus
471 2014 503 2075 in
528 2032 635 2095 panno
660 2032 758 2075 aureo
792 2033 865 2075 cum
898 2013 995 2074 simili
1021 2014 1189 2096 manipulo
1220 2012 1381 2075 subducto
1413 2032 1492 2077 cen·

222 2120 308 2180 dano
333 2120 438 2182 viridi.

328 2225 406 2287 Item
431 2225 494 2287 duc
519 2226 601 2287 stole
626 2225 665 2285 de
690 2226 800 2287 veluto
824 2227 930 2306 griseo
959 2227 1119 2288 subducto
1144 2226 1289 2288 cendano
1314 2225 1420 2288 viridi.

327 2333 405 2395 Item
431 2353 494 2395 una
518 2333 600 2395 stola
632 2333 671 2395 de
703 2353 812 2416 panno
845 2333 912 2394 sive
944 2336 1076 2395 camoka
1109 2334 1216 2396 siricio
1248 2333 1343 2394 viridi
1368 2332 1492 2397 coloris

222 2460 294 2502 cum
319 2460 378 2502 suo
403 2440 580 2522 manipulo,
605 2440 760 2501 subducta
786 2459 893 2521 panno
917 2443 1018 2501 rubeo
1042 2441 1107 2502 sive
1133 2440 1278 2502 cendato.

328 2546 405 2607 ltem
431 2546 580 2607 undecim
605 2545 667 2606 alie
692 2547 772 2607 stole
797 2565 985 2607 communes
1017 2561 1047 2608 et
1071 2547 1224 2609 tredecim
1250 2547 1419 2628 manipuli.

329 2653 406 2713 ltem
432 2652 579 2733 cingulus
603 2672 685 2713 unus
709 2652 748 2712 de
783 2654 881 2713 rubea
906 2667 988 2713 serta
1020 2672 1093 2714 curn
1118 2653 1249 2715 nodulis
1272 2653 1432 2734 argenteis
1458 2669 1491 2716 et

223 2757 350 2839 perleis.

329 2863 407 2926 ltem
433 2864 498 2926 duo
521 2864 576 2925 alii
599 2864 720 2946 cinguli
746 2863 786 2924 de
810 2863 922 2925 serico.

330 2969 407 3030 ltem
432 2969 486 3030 alii
512 2988 712 3030 communes.

330 3076 407 3136 ltem
440 3090 513 3137 sunt
547 3077 674 3136 invente
708 3075 856 3136 undecim
890 3089 956 3136 teca
990 3076 1223 3156 corporalium,
1261 3094 1397 3157 quarum
1423 3089 1490 3139 tres

224 3196 297 3242 sunt
323 3201 394 3243 cum
421 3182 518 3263 perlis
543 3197 572 3242 et
596 3182 659 3243 alie
691 3197 754 3243 tres
785 3179 963 3242 aurifrisata
995 3181 1034 3241 ad
1068 3182 1251 3265 ymaginem
1278 3180 1429 3244 Crucifixi
1455 3199 1490 3247 et

225 3287 357 3348 aliarum
384 3288 572 3369 ymaginum
597 3307 669 3348 curn
694 3287 759 3348 suis
780 3286 1011 3368 corporalibus,
1036 3302 1066 3347 et
1091 3287 1152 3348 alie
1177 3306 1379 3350 communes.

331 3394 407 3454 ltem
436 3394 501 3455 duo
526 3394 691 3474 angularia
709 3393 747 3454 de
773 3393 892 3474 pepulo
917 3391 1092 3454 flammiola
1115 3393 1219 3455 aureis
1240 3392 1302 3455 filis
1326 3407 1487 3458 contexta.

334 3498 410 3558 ltem
437 3514 510 3560 sunt
534 3500 641 3580 aliqua
672 3499 787 3580 pepula
807 3517 884 3558 auro
910 3512 1067 3576 contexta,
1093 3500 1264 3562 inveterata
1290 3500 1487 3582 etantiqua.

332 3604 407 3666 Item
433 3605 490 3666 tria
517 3606 635 3687 pepula
661 3605 803 3665 involuta
829 3604 867 3664 ad
894 3624 993 3664 unum
1020 3605 1182 3666 baculum.

333 3710 408 3771 ltem
434 3710 500 3771 duo
524 3711 584 3772 alia
606 3712 723 3792 pepula
749 3710 934 3791 integriora,
959 3729 1098 3790 quorum
1124 3731 1224 3772 unum
1250 3725 1296 3773 est
1320 3731 1400 3774 auro
1424 3712 1487 3773 vir·

224 3817 381 3896 gulatum.

333 3922 408 3983 ltem
435 3921 551 3982 ferrum
579 3941 635 4002 pro
661 3922 815 4002 pistandis
839 3923 937 3984 ostiis.

332 4027 408 4090 Item
435 4029 578 4110 quinque
605 4047 758 4109 campane
784 4029 814 4088 in
834 4029 1006 4110 campanili
1033 4030 1176 4108 ecclesie,
1201 4044 1231 4092 et
1249 4050 1311 4091 una
1336 4045 1382 4092 est
1398 4030 1487 4095 vide·

225 4133 299 4196 licet
322 4149 407 4195 sexta
433 4154 489 4216 per
510 4134 679 4195 dominum
699 4133 920 4195 Eberhardum
938 4135 1125 4216 episcopum
1143 4135 1183 4196 ad
1200 4149 1338 4198 castrum
1358 4135 1485 4198 Medwe

226 4240 401 4321 deportata.

331 4346 407 4408 Item
434 4360 571 4427 quatuor
595 4346 657 4407 alie
682 4347 903 4427 campanulle,
941 4364 1077 4427 quarum
1102 4343 1165 4407 due
1196 4360 1270 4407 sunt
1293 4366 1432 4429 appense
1456 4361 1488 4410 et·

226 4454 288 4515 due
314 4454 471 4515 habentur
496 4454 526 4513 in
553 4453 703 4514 sacristia.

333 4559 408 4621 ltem
435 4560 493 4620 tria
518 4572 636 4640 tapetta
662 4577 789 4640 magna,
813 4556 1045 4641 competencia.

332 4664 409 4727 ltem
436 4684 536 4726 unum
560 4678 716 4747 tapettum
742 4683 874 4743 novum,
897 4679 1045 4747 parvum.

330 4771 408 4834 item
434 4772 500 4835 duo
523 4772 655 4854 antiqua
679 4772 711 4834 in
735 4785 826 4854 parte
850 4783 954 4856 rupta.
