<?xml version="1.0" encoding="UTF-8"?>
<!DOCTYPE html PUBLIC "-//W3C//DTD XHTML 1.0 Transitional//EN"
    "http://www.w3.org/TR/xhtml1/DTD/xhtml1-transitional.dtd">
<html xmlns="http://www.w3.org/1999/xhtml" xml:lang="en" lang="en">
 <head>
  <title>
</title>
<meta http-equiv="Content-Type" content="text/html;charset=utf-8" />
  <meta name='ocr-system' content='tesseract 3.04.00' />
  <meta name='ocr-capabilities' content='ocr_page ocr_carea ocr_par ocr_line ocrx_word'/>
</head>
<body>
  <div class='ocr_page' id='page_1' title='image "./monumentahistor02laszgoog_0080.png"; bbox 0 0 3428 5256; ppageno 0'>
   <div class='ocr_carea' id='block_1_1' title="bbox 433 1375 1114 1482">
    <p class='ocr_par' dir='ltr' id='par_1_1' title="bbox 433 1375 1114 1482">
     <span class='ocr_line' id='line_1_1' title="bbox 433 1375 1114 1482; baseline -0.004 -17"><span class='ocrx_word' id='word_1_1' title='bbox 433 1379 562 1482; x_wconf 82' lang='lat' dir='ltr'>(Anno</span> <span class='ocrx_word' id='word_1_2' title='bbox 590 1378 746 1466; x_wconf 85' lang='lat' dir='ltr'>Domini</span> <span class='ocrx_word' id='word_1_3' title='bbox 774 1375 1114 1476; x_wconf 77' lang='lat' dir='ltr'>Mccccuxxtt.)</span> 
     </span>
    </p>
   </div>
   <div class='ocr_carea' id='block_1_2' title="bbox 159 1716 1423 2433">
    <p class='ocr_par' dir='ltr' id='par_1_2' title="bbox 159 1716 1423 2433">
     <span class='ocr_line' id='line_1_2' title="bbox 161 1716 1421 1817; baseline -0.003 -24"><span class='ocrx_word' id='word_1_4' title='bbox 161 1717 247 1793; x_wconf 87' lang='lat' dir='ltr'>Item</span> <span class='ocrx_word' id='word_1_5' title='bbox 276 1719 308 1792; x_wconf 93' lang='lat' dir='ltr'>in</span> <span class='ocrx_word' id='word_1_6' title='bbox 343 1741 437 1793; x_wconf 93' lang='lat' dir='ltr'>anno</span> <span class='ocrx_word' id='word_1_7' title='bbox 459 1716 601 1792; x_wconf 84' lang='lat' dir='ltr'>Domini</span> <span class='ocrx_word' id='word_1_8' title='bbox 632 1717 819 1792; x_wconf 88' lang='lat' dir='ltr'>millesimo</span> <span class='ocrx_word' id='word_1_9' title='bbox 849 1717 1203 1817; x_wconf 88' lang='lat' dir='ltr'>quadringentesimo</span> <span class='ocrx_word' id='word_1_10' title='bbox 1225 1723 1421 1815; x_wconf 88' lang='lat' dir='ltr'>septuage-</span> 
     </span>
     <span class='ocr_line' id='line_1_3' title="bbox 160 1838 1421 1940; baseline -0.003 -24"><span class='ocrx_word' id='word_1_11' title='bbox 160 1842 252 1916; x_wconf 86' lang='lat' dir='ltr'>simo</span> <span class='ocrx_word' id='word_1_12' title='bbox 282 1854 399 1930; x_wconf 88' lang='lat' dir='ltr'>sexto,</span> <span class='ocrx_word' id='word_1_13' title='bbox 428 1853 593 1940; x_wconf 92' lang='lat' dir='ltr'>tempore</span> <span class='ocrx_word' id='word_1_14' title='bbox 626 1841 795 1916; x_wconf 87' lang='lat' dir='ltr'>videlicet</span> <span class='ocrx_word' id='word_1_15' title='bbox 819 1841 999 1937; x_wconf 87' lang='lat' dir='ltr'>judicatus</span> <span class='ocrx_word' id='word_1_16' title='bbox 1020 1838 1153 1915; x_wconf 86' lang='lat' dir='ltr'>lllatlrie</span> <span class='ocrx_word' id='word_1_17' title='bbox 1183 1839 1342 1915; x_wconf 91' lang='lat' dir='ltr'>moderni</span> <span class='ocrx_word' id='word_1_18' title='bbox 1367 1838 1421 1936; x_wconf 88' lang='lat' dir='ltr'>ju·</span> 
     </span>
     <span class='ocr_line' id='line_1_4' title="bbox 159 1963 1423 2064; baseline -0.003 -24"><span class='ocrx_word' id='word_1_19' title='bbox 159 1965 247 2041; x_wconf 88' lang='lat' dir='ltr'>dicis</span> <span class='ocrx_word' id='word_1_20' title='bbox 276 1964 334 2040; x_wconf 88' lang='lat' dir='ltr'>lilii</span> <span class='ocrx_word' id='word_1_21' title='bbox 365 1964 487 2050; x_wconf 84' lang='lat' dir='ltr'>Marci,</span> <span class='ocrx_word' id='word_1_22' title='bbox 517 1965 675 2040; x_wconf 86' lang='lat' dir='ltr'>civitatis</span> <span class='ocrx_word' id='word_1_23' title='bbox 718 1972 921 2064; x_wconf 84' lang='lat' dir='ltr'>prenotate,</span> <span class='ocrx_word' id='word_1_24' title='bbox 958 1986 1108 2062; x_wconf 81' lang='lat' dir='ltr'><strong>presens</strong></span> <span class='ocrx_word' id='word_1_25' title='bbox 1138 1963 1345 2038; x_wconf 84' lang='lat' dir='ltr'>lratlrernum</span> <span class='ocrx_word' id='word_1_26' title='bbox 1386 1969 1423 2036; x_wconf 92' lang='lat' dir='ltr'>et</span> 
     </span>
     <span class='ocr_line' id='line_1_5' title="bbox 159 2085 1422 2186; baseline -0.005 -21"><span class='ocrx_word' id='word_1_27' title='bbox 159 2089 293 2165; x_wconf 87' lang='lat' dir='ltr'>facturn</span> <span class='ocrx_word' id='word_1_28' title='bbox 322 2089 355 2163; x_wconf 93' lang='lat' dir='ltr'>in</span> <span class='ocrx_word' id='word_1_29' title='bbox 386 2088 483 2164; x_wconf 83' lang='lat' dir='ltr'>festo</span> <span class='ocrx_word' id='word_1_30' title='bbox 511 2086 748 2163; x_wconf 86' lang='lat' dir='ltr'>Visitacionis</span> <span class='ocrx_word' id='word_1_31' title='bbox 787 2087 896 2163; x_wconf 90' lang='lat' dir='ltr'>beate</span> <span class='ocrx_word' id='word_1_32' title='bbox 934 2109 1078 2186; x_wconf 85' lang='lat' dir='ltr'>semper</span> <span class='ocrx_word' id='word_1_33' title='bbox 1114 2087 1262 2184; x_wconf 86' lang='lat' dir='ltr'>virginis</span> <span class='ocrx_word' id='word_1_34' title='bbox 1301 2085 1422 2174; x_wconf 87' lang='lat' dir='ltr'>llarie,</span> 
     </span>
     <span class='ocr_line' id='line_1_6' title="bbox 159 2208 1421 2312; baseline -0.005 -24"><span class='ocrx_word' id='word_1_35' title='bbox 159 2235 269 2312; x_wconf 90' lang='lat' dir='ltr'>super</span> <span class='ocrx_word' id='word_1_36' title='bbox 289 2212 552 2311; x_wconf 87' lang='lat' dir='ltr'>registracione</span> <span class='ocrx_word' id='word_1_37' title='bbox 582 2211 762 2285; x_wconf 89' lang='lat' dir='ltr'>literarum</span> <span class='ocrx_word' id='word_1_38' title='bbox 788 2210 1058 2309; x_wconf 89' lang='lat' dir='ltr'>privilegialiurn</span> <span class='ocrx_word' id='word_1_39' title='bbox 1079 2209 1203 2284; x_wconf 91' lang='lat' dir='ltr'>civium</span> <span class='ocrx_word' id='word_1_40' title='bbox 1224 2217 1262 2284; x_wconf 93' lang='lat' dir='ltr'>et</span> <span class='ocrx_word' id='word_1_41' title='bbox 1289 2208 1421 2283; x_wconf 88' lang='lat' dir='ltr'>inlrabi-</span> 
     </span>
     <span class='ocr_line' id='line_1_7' title="bbox 185 2332 1395 2433; baseline -0.007 -23"><span class='ocrx_word' id='word_1_42' title='bbox 185 2343 344 2410; x_wconf 90' lang='lat' dir='ltr'>tatorum</span> <span class='ocrx_word' id='word_1_43' title='bbox 374 2335 528 2410; x_wconf 89' lang='lat' dir='ltr'>civitatis</span> <span class='ocrx_word' id='word_1_44' title='bbox 558 2344 762 2433; x_wconf 86' lang='lat' dir='ltr'>prenotate,</span> <span class='ocrx_word' id='word_1_45' title='bbox 792 2332 898 2407; x_wconf 93' lang='lat' dir='ltr'>rnodo</span> <span class='ocrx_word' id='word_1_46' title='bbox 929 2341 966 2408; x_wconf 94' lang='lat' dir='ltr'>et</span> <span class='ocrx_word' id='word_1_47' title='bbox 995 2333 1118 2407; x_wconf 83' lang='lat' dir='ltr'>ordine</span> <span class='ocrx_word' id='word_1_48' title='bbox 1147 2332 1395 2432; x_wconf 85' lang='lat' dir='ltr'>infrascriptis.</span> 
     </span>
    </p>
   </div>
   <div class='ocr_carea' id='block_1_3' title="bbox 709 2613 867 2691">
    <p class='ocr_par' dir='ltr' id='par_1_3' title="bbox 709 2613 867 2691">
     <span class='ocr_line' id='line_1_8' title="bbox 709 2613 867 2691; baseline 0.032 -18"><span class='ocrx_word' id='word_1_49' title='bbox 709 2621 752 2689; x_wconf 78' lang='lat'>(2.</span> <span class='ocrx_word' id='word_1_50' title='bbox 768 2613 867 2691; x_wconf 82' lang='lat' dir='ltr'>julii).</span> 
     </span>
    </p>
   </div>
   <div class='ocr_carea' id='block_1_4' title="bbox 155 2773 1422 4873">
    <p class='ocr_par' dir='ltr' id='par_1_4' title="bbox 155 2773 1422 4873">
     <span class='ocr_line' id='line_1_9' title="bbox 266 2773 1421 2855; baseline 0 -21"><span class='ocrx_word' id='word_1_51' title='bbox 266 2774 343 2837; x_wconf 90' lang='lat' dir='ltr'>ltem</span> <span class='ocrx_word' id='word_1_52' title='bbox 369 2774 480 2835; x_wconf 83' lang='lat' dir='ltr'>eadem</span> <span class='ocrx_word' id='word_1_53' title='bbox 507 2774 558 2834; x_wconf 90' lang='lat' dir='ltr'>die</span> <span class='ocrx_word' id='word_1_54' title='bbox 584 2773 788 2834; x_wconf 82' lang='lat' dir='ltr'>Visitacionis</span> <span class='ocrx_word' id='word_1_55' title='bbox 812 2775 904 2834; x_wconf 84' lang='lat' dir='ltr'>beate</span> <span class='ocrx_word' id='word_1_56' title='bbox 921 2773 1054 2853; x_wconf 87' lang='lat' dir='ltr'>virginis</span> <span class='ocrx_word' id='word_1_57' title='bbox 1071 2773 1224 2855; x_wconf 90' lang='lat' dir='ltr'>providus</span> <span class='ocrx_word' id='word_1_58' title='bbox 1249 2773 1296 2833; x_wconf 92' lang='lat' dir='ltr'>vir</span> <span class='ocrx_word' id='word_1_59' title='bbox 1321 2773 1421 2834; x_wconf 91' lang='lat' dir='ltr'>Bene·</span> 
     </span>
     <span class='ocr_line' id='line_1_10' title="bbox 160 2879 1418 2964; baseline -0.002 -22"><span class='ocrx_word' id='word_1_60' title='bbox 160 2881 264 2944; x_wconf 91' lang='lat' dir='ltr'>dictus</span> <span class='ocrx_word' id='word_1_61' title='bbox 280 2895 382 2944; x_wconf 81' lang='lat' dir='ltr'>sartor</span> <span class='ocrx_word' id='word_1_62' title='bbox 406 2880 580 2964; x_wconf 87' lang='lat' dir='ltr'>Simunycz</span> <span class='ocrx_word' id='word_1_63' title='bbox 605 2880 709 2941; x_wconf 89' lang='lat' dir='ltr'>dictus</span> <span class='ocrx_word' id='word_1_64' title='bbox 730 2879 885 2961; x_wconf 84' lang='lat' dir='ltr'>quasdam</span> <span class='ocrx_word' id='word_1_65' title='bbox 910 2880 1025 2941; x_wconf 83' lang='lat' dir='ltr'>totales</span> <span class='ocrx_word' id='word_1_66' title='bbox 1042 2880 1212 2962; x_wconf 79' lang='lat' dir='ltr'>porciones</span> <span class='ocrx_word' id='word_1_67' title='bbox 1235 2899 1271 2941; x_wconf 83' lang='lat' dir='ltr'>sc</span> <span class='ocrx_word' id='word_1_68' title='bbox 1296 2898 1418 2961; x_wconf 86' lang='lat' dir='ltr'>posses·</span> 
     </span>
     <span class='ocr_line' id='line_1_11' title="bbox 159 2985 1421 3049; baseline -0.002 -1"><span class='ocrx_word' id='word_1_69' title='bbox 159 2986 425 3049; x_wconf 85' lang='lat' dir='ltr'>sionesomnium</span> <span class='ocrx_word' id='word_1_70' title='bbox 444 2988 603 3047; x_wconf 90' lang='lat' dir='ltr'>bonorum</span> <span class='ocrx_word' id='word_1_71' title='bbox 629 2999 660 3046; x_wconf 92' lang='lat' dir='ltr'>et</span> <span class='ocrx_word' id='word_1_72' title='bbox 684 3005 789 3047; x_wconf 89' lang='lat' dir='ltr'>rerum</span> <span class='ocrx_word' id='word_1_73' title='bbox 809 2985 980 3046; x_wconf 91' lang='lat' dir='ltr'>mobilium</span> <span class='ocrx_word' id='word_1_74' title='bbox 998 2999 1028 3046; x_wconf 87' lang='lat' dir='ltr'>et</span> <span class='ocrx_word' id='word_1_75' title='bbox 1046 2986 1262 3047; x_wconf 88' lang='lat' dir='ltr'>immobilium</span> <span class='ocrx_word' id='word_1_76' title='bbox 1288 2986 1319 3046; x_wconf 93' lang='lat' dir='ltr'>in</span> <span class='ocrx_word' id='word_1_77' title='bbox 1338 2986 1421 3047; x_wconf 81' lang='lat' dir='ltr'>dicta</span> 
     </span>
     <span class='ocr_line' id='line_1_12' title="bbox 159 3091 1422 3173; baseline -0.001 -19"><span class='ocrx_word' id='word_1_78' title='bbox 159 3094 287 3155; x_wconf 83' lang='lat' dir='ltr'>civitate</span> <span class='ocrx_word' id='word_1_79' title='bbox 312 3107 418 3154; x_wconf 84' lang='lat' dir='ltr'>nostra</span> <span class='ocrx_word' id='word_1_80' title='bbox 443 3107 473 3153; x_wconf 92' lang='lat' dir='ltr'>et</span> <span class='ocrx_word' id='word_1_81' title='bbox 498 3092 567 3152; x_wconf 90' lang='lat' dir='ltr'>eius</span> <span class='ocrx_word' id='word_1_82' title='bbox 590 3092 751 3153; x_wconf 90' lang='lat' dir='ltr'>territorio</span> <span class='ocrx_word' id='word_1_83' title='bbox 777 3091 900 3152; x_wconf 88' lang='lat' dir='ltr'>habitas</span> <span class='ocrx_word' id='word_1_84' title='bbox 925 3105 955 3152; x_wconf 91' lang='lat' dir='ltr'>et</span> <span class='ocrx_word' id='word_1_85' title='bbox 987 3092 1169 3169; x_wconf 81' lang='lat' dir='ltr'>existentes,</span> <span class='ocrx_word' id='word_1_86' title='bbox 1194 3091 1365 3173; x_wconf 88' lang='lat' dir='ltr'>providum</span> <span class='ocrx_word' id='word_1_87' title='bbox 1391 3107 1422 3153; x_wconf 90' lang='lat' dir='ltr'>et</span> 
     </span>
     <span class='ocr_line' id='line_1_13' title="bbox 160 3196 1421 3281; baseline -0.002 -20"><span class='ocrx_word' id='word_1_88' title='bbox 160 3200 425 3281; x_wconf 87' lang='lat' dir='ltr'>circumspectum</span> <span class='ocrx_word' id='word_1_89' title='bbox 452 3198 605 3278; x_wconf 82' lang='lat' dir='ltr'>juvenum</span> <span class='ocrx_word' id='word_1_90' title='bbox 640 3196 834 3277; x_wconf 88' lang='lat' dir='ltr'>Gregorium</span> <span class='ocrx_word' id='word_1_91' title='bbox 868 3196 970 3258; x_wconf 86' lang='lat' dir='ltr'>filium</span> <span class='ocrx_word' id='word_1_92' title='bbox 998 3196 1144 3278; x_wconf 83' lang='lat' dir='ltr'>Gregorii</span> <span class='ocrx_word' id='word_1_93' title='bbox 1172 3198 1355 3280; x_wconf 90' lang='lat' dir='ltr'>Symunycz</span> <span class='ocrx_word' id='word_1_94' title='bbox 1378 3198 1421 3259; x_wconf 90' lang='lat' dir='ltr'>le·</span> 
     </span>
     <span class='ocr_line' id='line_1_14' title="bbox 159 3304 1421 3387; baseline -0.001 -20"><span class='ocrx_word' id='word_1_95' title='bbox 159 3306 285 3387; x_wconf 90' lang='lat' dir='ltr'>gitrime</span> <span class='ocrx_word' id='word_1_96' title='bbox 318 3319 560 3383; x_wconf 87' lang='lat' dir='ltr'>concernentes,</span> <span class='ocrx_word' id='word_1_97' title='bbox 592 3305 721 3386; x_wconf 85' lang='lat' dir='ltr'>dempta</span> <span class='ocrx_word' id='word_1_98' title='bbox 757 3304 948 3365; x_wconf 92' lang='lat' dir='ltr'>omnimodo</span> <span class='ocrx_word' id='word_1_99' title='bbox 980 3305 1118 3386; x_wconf 81' lang='lat' dir='ltr'>quodam</span> <span class='ocrx_word' id='word_1_100' title='bbox 1145 3305 1244 3366; x_wconf 91' lang='lat' dir='ltr'>domo</span> <span class='ocrx_word' id='word_1_101' title='bbox 1268 3325 1323 3366; x_wconf 89' lang='lat' dir='ltr'>seu</span> <span class='ocrx_word' id='word_1_102' title='bbox 1349 3325 1421 3386; x_wconf 93' lang='lat' dir='ltr'>por·</span> 
     </span>
     <span class='ocr_line' id='line_1_15' title="bbox 159 3411 1422 3494; baseline -0.002 -20"><span class='ocrx_word' id='word_1_103' title='bbox 159 3413 253 3474; x_wconf 90' lang='lat' dir='ltr'>cione</span> <span class='ocrx_word' id='word_1_104' title='bbox 277 3412 395 3474; x_wconf 88' lang='lat' dir='ltr'>domus</span> <span class='ocrx_word' id='word_1_105' title='bbox 419 3412 545 3494; x_wconf 83' lang='lat' dir='ltr'>lapidee</span> <span class='ocrx_word' id='word_1_106' title='bbox 571 3426 601 3472; x_wconf 90' lang='lat' dir='ltr'>et</span> <span class='ocrx_word' id='word_1_107' title='bbox 626 3411 763 3492; x_wconf 88' lang='lat' dir='ltr'>desuper</span> <span class='ocrx_word' id='word_1_108' title='bbox 781 3411 885 3492; x_wconf 85' lang='lat' dir='ltr'>lignee</span> <span class='ocrx_word' id='word_1_109' title='bbox 917 3411 947 3471; x_wconf 93' lang='lat' dir='ltr'>in</span> <span class='ocrx_word' id='word_1_110' title='bbox 973 3411 1056 3472; x_wconf 88' lang='lat' dir='ltr'>dicta</span> <span class='ocrx_word' id='word_1_111' title='bbox 1081 3411 1207 3472; x_wconf 83' lang='lat' dir='ltr'>civitate</span> <span class='ocrx_word' id='word_1_112' title='bbox 1232 3431 1332 3493; x_wconf 91' lang='lat' dir='ltr'>prope</span> <span class='ocrx_word' id='word_1_113' title='bbox 1349 3432 1422 3493; x_wconf 92' lang='lat' dir='ltr'>por-</span> 
     </span>
     <span class='ocr_line' id='line_1_16' title="bbox 158 3517 1422 3599; baseline -0.003 -18"><span class='ocrx_word' id='word_1_114' title='bbox 158 3532 223 3581; x_wconf 79' lang='lat' dir='ltr'>tem</span> <span class='ocrx_word' id='word_1_115' title='bbox 248 3517 431 3581; x_wconf 80' lang='lat' dir='ltr'>carnificum</span> <span class='ocrx_word' id='word_1_116' title='bbox 466 3537 563 3599; x_wconf 90' lang='lat' dir='ltr'>penes</span> <span class='ocrx_word' id='word_1_117' title='bbox 595 3518 767 3597; x_wconf 84' lang='lat' dir='ltr'>quemdam</span> <span class='ocrx_word' id='word_1_118' title='bbox 800 3531 932 3598; x_wconf 90' lang='lat' dir='ltr'>puteum</span> <span class='ocrx_word' id='word_1_119' title='bbox 967 3517 1072 3578; x_wconf 82' lang='lat' dir='ltr'>habita</span> <span class='ocrx_word' id='word_1_120' title='bbox 1105 3532 1135 3578; x_wconf 89' lang='lat' dir='ltr'>et</span> <span class='ocrx_word' id='word_1_121' title='bbox 1163 3519 1333 3594; x_wconf 81' lang='lat' dir='ltr'>existente,</span> <span class='ocrx_word' id='word_1_122' title='bbox 1367 3537 1422 3599; x_wconf 90' lang='lat' dir='ltr'>per</span> 
     </span>
     <span class='ocr_line' id='line_1_17' title="bbox 160 3621 1419 3706; baseline -0.001 -21"><span class='ocrx_word' id='word_1_123' title='bbox 160 3623 314 3706; x_wconf 88' lang='lat' dir='ltr'>providos</span> <span class='ocrx_word' id='word_1_124' title='bbox 339 3637 369 3685; x_wconf 90' lang='lat' dir='ltr'>et</span> <span class='ocrx_word' id='word_1_125' title='bbox 394 3624 546 3685; x_wconf 88' lang='lat' dir='ltr'>honestos</span> <span class='ocrx_word' id='word_1_126' title='bbox 579 3623 665 3683; x_wconf 87' lang='lat' dir='ltr'>viros</span> <span class='ocrx_word' id='word_1_127' title='bbox 690 3622 844 3683; x_wconf 82' lang='lat' dir='ltr'>Mathiam</span> <span class='ocrx_word' id='word_1_128' title='bbox 876 3636 1029 3683; x_wconf 83' lang='lat' dir='ltr'>sartorem</span> <span class='ocrx_word' id='word_1_129' title='bbox 1062 3623 1255 3685; x_wconf 88' lang='lat' dir='ltr'>modernum</span> <span class='ocrx_word' id='word_1_130' title='bbox 1280 3621 1419 3702; x_wconf 88' lang='lat' dir='ltr'>judicem</span> 
     </span>
     <span class='ocr_line' id='line_1_18' title="bbox 160 3728 1422 3811; baseline -0.002 -20"><span class='ocrx_word' id='word_1_131' title='bbox 160 3744 266 3792; x_wconf 88' lang='lat' dir='ltr'>nostre</span> <span class='ocrx_word' id='word_1_132' title='bbox 289 3730 540 3806; x_wconf 83' lang='lat' dir='ltr'>communitatis,</span> <span class='ocrx_word' id='word_1_133' title='bbox 565 3747 720 3810; x_wconf 83' lang='lat' dir='ltr'>generum</span> <span class='ocrx_word' id='word_1_134' title='bbox 746 3728 883 3790; x_wconf 85' lang='lat' dir='ltr'>condam</span> <span class='ocrx_word' id='word_1_135' title='bbox 909 3729 968 3789; x_wconf 88' lang='lat' dir='ltr'>viri</span> <span class='ocrx_word' id='word_1_136' title='bbox 992 3729 1140 3790; x_wconf 90' lang='lat' dir='ltr'>similiter</span> <span class='ocrx_word' id='word_1_137' title='bbox 1164 3728 1290 3811; x_wconf 86' lang='lat' dir='ltr'>providi</span> <span class='ocrx_word' id='word_1_138' title='bbox 1316 3744 1346 3790; x_wconf 89' lang='lat' dir='ltr'>et</span> <span class='ocrx_word' id='word_1_139' title='bbox 1363 3729 1422 3790; x_wconf 91' lang='lat' dir='ltr'>cir·</span> 
     </span>
     <span class='ocr_line' id='line_1_19' title="bbox 159 3834 1419 3918; baseline -0.001 -20"><span class='ocrx_word' id='word_1_140' title='bbox 159 3837 332 3918; x_wconf 82' lang='lat' dir='ltr'>cumspecti</span> <span class='ocrx_word' id='word_1_141' title='bbox 359 3836 486 3896; x_wconf 83' lang='lat' dir='ltr'>Andree</span> <span class='ocrx_word' id='word_1_142' title='bbox 513 3835 696 3917; x_wconf 88' lang='lat' dir='ltr'>Symunycz</span> <span class='ocrx_word' id='word_1_143' title='bbox 714 3834 792 3895; x_wconf 91' lang='lat' dir='ltr'>olim</span> <span class='ocrx_word' id='word_1_144' title='bbox 818 3835 954 3896; x_wconf 88' lang='lat' dir='ltr'>senioris</span> <span class='ocrx_word' id='word_1_145' title='bbox 971 3834 1086 3914; x_wconf 85' lang='lat' dir='ltr'>judicis</span> <span class='ocrx_word' id='word_1_146' title='bbox 1109 3849 1139 3896; x_wconf 91' lang='lat' dir='ltr'>et</span> <span class='ocrx_word' id='word_1_147' title='bbox 1156 3836 1297 3897; x_wconf 88' lang='lat' dir='ltr'>concivis</span> <span class='ocrx_word' id='word_1_148' title='bbox 1322 3837 1419 3897; x_wconf 88' lang='lat' dir='ltr'>nostri</span> 
     </span>
     <span class='ocr_line' id='line_1_20' title="bbox 157 3939 1418 4024; baseline 0 -21"><span class='ocrx_word' id='word_1_149' title='bbox 157 3961 194 4004; x_wconf 80' lang='lat' dir='ltr'>oc</span> <span class='ocrx_word' id='word_1_150' title='bbox 218 3941 384 4004; x_wconf 85' lang='lat' dir='ltr'>dominam</span> <span class='ocrx_word' id='word_1_151' title='bbox 404 3941 600 4003; x_wconf 77' lang='lat' dir='ltr'>Dorotheum</span> <span class='ocrx_word' id='word_1_152' title='bbox 628 3939 725 4001; x_wconf 88' lang='lat' dir='ltr'>filiam</span> <span class='ocrx_word' id='word_1_153' title='bbox 751 3940 893 4001; x_wconf 88' lang='lat' dir='ltr'>eiusdem</span> <span class='ocrx_word' id='word_1_154' title='bbox 917 3941 1055 4001; x_wconf 82' lang='lat' dir='ltr'>condam</span> <span class='ocrx_word' id='word_1_155' title='bbox 1081 3942 1208 4002; x_wconf 78' lang='lat' dir='ltr'>Andree</span> <span class='ocrx_word' id='word_1_156' title='bbox 1234 3942 1418 4024; x_wconf 88' lang='lat' dir='ltr'>Symunycz</span> 
     </span>
     <span class='ocr_line' id='line_1_21' title="bbox 158 4045 1421 4128; baseline 0 -20"><span class='ocrx_word' id='word_1_157' title='bbox 158 4065 244 4110; x_wconf 91' lang='lat' dir='ltr'>nunc</span> <span class='ocrx_word' id='word_1_158' title='bbox 267 4067 343 4110; x_wconf 86' lang='lat' dir='ltr'>vero</span> <span class='ocrx_word' id='word_1_159' title='bbox 369 4067 502 4109; x_wconf 83' lang='lat' dir='ltr'>uxorem</span> <span class='ocrx_word' id='word_1_160' title='bbox 527 4047 718 4126; x_wconf 86' lang='lat' dir='ltr'>legittimam</span> <span class='ocrx_word' id='word_1_161' title='bbox 748 4045 860 4127; x_wconf 84' lang='lat' dir='ltr'>prefati</span> <span class='ocrx_word' id='word_1_162' title='bbox 896 4046 1016 4108; x_wconf 80' lang='lat' dir='ltr'>Mathis</span> <span class='ocrx_word' id='word_1_163' title='bbox 1048 4047 1177 4108; x_wconf 84' lang='lat' dir='ltr'>sartoris</span> <span class='ocrx_word' id='word_1_164' title='bbox 1201 4047 1347 4109; x_wconf 91' lang='lat' dir='ltr'>moderni</span> <span class='ocrx_word' id='word_1_165' title='bbox 1374 4048 1421 4128; x_wconf 89' lang='lat' dir='ltr'>ju·</span> 
     </span>
     <span class='ocr_line' id='line_1_22' title="bbox 157 4151 1421 4237; baseline 0.001 -24"><span class='ocrx_word' id='word_1_166' title='bbox 157 4151 238 4214; x_wconf 88' lang='lat' dir='ltr'>dicis</span> <span class='ocrx_word' id='word_1_167' title='bbox 262 4153 361 4215; x_wconf 88' lang='lat' dir='ltr'>nostri</span> <span class='ocrx_word' id='word_1_168' title='bbox 387 4166 418 4215; x_wconf 93' lang='lat' dir='ltr'>et</span> <span class='ocrx_word' id='word_1_169' title='bbox 443 4153 581 4214; x_wconf 84' lang='lat' dir='ltr'>condam</span> <span class='ocrx_word' id='word_1_170' title='bbox 607 4152 810 4215; x_wconf 84' lang='lat' dir='ltr'>Clementem</span> <span class='ocrx_word' id='word_1_171' title='bbox 829 4152 1012 4237; x_wconf 88' lang='lat' dir='ltr'>Symunycz</span> <span class='ocrx_word' id='word_1_172' title='bbox 1036 4152 1163 4215; x_wconf 84' lang='lat' dir='ltr'>fratrem</span> <span class='ocrx_word' id='word_1_173' title='bbox 1190 4153 1339 4215; x_wconf 86' lang='lat' dir='ltr'>videlicet</span> <span class='ocrx_word' id='word_1_174' title='bbox 1356 4174 1421 4215; x_wconf 80' lang='lat' dir='ltr'>car-</span> 
     </span>
     <span class='ocr_line' id='line_1_23' title="bbox 157 4258 1420 4341; baseline 0.001 -22"><span class='ocrx_word' id='word_1_175' title='bbox 157 4258 264 4321; x_wconf 79' lang='lat' dir='ltr'>nalem</span> <span class='ocrx_word' id='word_1_176' title='bbox 289 4258 401 4340; x_wconf 82' lang='lat' dir='ltr'>prelati</span> <span class='ocrx_word' id='word_1_177' title='bbox 428 4259 565 4321; x_wconf 88' lang='lat' dir='ltr'>condam</span> <span class='ocrx_word' id='word_1_178' title='bbox 589 4259 716 4320; x_wconf 77' lang='lat' dir='ltr'>Andree</span> <span class='ocrx_word' id='word_1_179' title='bbox 735 4259 919 4341; x_wconf 84' lang='lat' dir='ltr'>Symunycz</span> <span class='ocrx_word' id='word_1_180' title='bbox 937 4260 1112 4339; x_wconf 81' lang='lat' dir='ltr'>legittimus</span> <span class='ocrx_word' id='word_1_181' title='bbox 1135 4259 1284 4322; x_wconf 85' lang='lat' dir='ltr'>videlicet</span> <span class='ocrx_word' id='word_1_182' title='bbox 1309 4280 1420 4321; x_wconf 90' lang='lat' dir='ltr'>execu-</span> 
     </span>
     <span class='ocr_line' id='line_1_24' title="bbox 155 4364 1420 4449; baseline 0.001 -22"><span class='ocrx_word' id='word_1_183' title='bbox 155 4378 242 4427; x_wconf 84' lang='lat' dir='ltr'>tores</span> <span class='ocrx_word' id='word_1_184' title='bbox 264 4365 445 4427; x_wconf 76' lang='lat' dir='ltr'>testamenti</span> <span class='ocrx_word' id='word_1_185' title='bbox 464 4365 572 4447; x_wconf 90' lang='lat' dir='ltr'>scripti</span> <span class='ocrx_word' id='word_1_186' title='bbox 591 4364 704 4447; x_wconf 84' lang='lat' dir='ltr'>prelati</span> <span class='ocrx_word' id='word_1_187' title='bbox 723 4365 859 4426; x_wconf 88' lang='lat' dir='ltr'>condam</span> <span class='ocrx_word' id='word_1_188' title='bbox 878 4365 1008 4426; x_wconf 84' lang='lat' dir='ltr'>Andree</span> <span class='ocrx_word' id='word_1_189' title='bbox 1030 4366 1213 4449; x_wconf 80' lang='lat' dir='ltr'>Symunycz</span> <span class='ocrx_word' id='word_1_190' title='bbox 1237 4380 1267 4428; x_wconf 92' lang='lat' dir='ltr'>et</span> <span class='ocrx_word' id='word_1_191' title='bbox 1284 4367 1420 4428; x_wconf 86' lang='lat' dir='ltr'>condam</span> 
     </span>
     <span class='ocr_line' id='line_1_25' title="bbox 157 4468 1421 4553; baseline 0.001 -20"><span class='ocrx_word' id='word_1_192' title='bbox 157 4468 307 4553; x_wconf 88' lang='lat' dir='ltr'>Gregorii</span> <span class='ocrx_word' id='word_1_193' title='bbox 326 4468 382 4533; x_wconf 88' lang='lat' dir='ltr'>filii</span> <span class='ocrx_word' id='word_1_194' title='bbox 402 4470 549 4551; x_wconf 88' lang='lat' dir='ltr'>Gregorii</span> <span class='ocrx_word' id='word_1_195' title='bbox 570 4471 674 4532; x_wconf 84' lang='lat' dir='ltr'>lrstris</span> <span class='ocrx_word' id='word_1_196' title='bbox 691 4471 841 4534; x_wconf 89' lang='lat' dir='ltr'>videlicet</span> <span class='ocrx_word' id='word_1_197' title='bbox 858 4471 993 4533; x_wconf 84' lang='lat' dir='ltr'>carnalis</span> <span class='ocrx_word' id='word_1_198' title='bbox 1007 4471 1119 4553; x_wconf 83' lang='lat' dir='ltr'>prelati</span> <span class='ocrx_word' id='word_1_199' title='bbox 1138 4473 1274 4534; x_wconf 78' lang='lat' dir='ltr'>condam</span> <span class='ocrx_word' id='word_1_200' title='bbox 1293 4474 1421 4535; x_wconf 83' lang='lat' dir='ltr'>Andree</span> 
     </span>
     <span class='ocr_line' id='line_1_26' title="bbox 157 4576 1420 4662; baseline -0.001 -22"><span class='ocrx_word' id='word_1_201' title='bbox 157 4576 342 4662; x_wconf 85' lang='lat' dir='ltr'>Symunycz</span> <span class='ocrx_word' id='word_1_202' title='bbox 367 4578 475 4640; x_wconf 90' lang='lat' dir='ltr'>eidem</span> <span class='ocrx_word' id='word_1_203' title='bbox 501 4577 676 4638; x_wconf 90' lang='lat' dir='ltr'>Benedicto</span> <span class='ocrx_word' id='word_1_204' title='bbox 701 4578 813 4639; x_wconf 79' lang='lat' dir='ltr'>sartori</span> <span class='ocrx_word' id='word_1_205' title='bbox 832 4596 890 4659; x_wconf 93' lang='lat' dir='ltr'>pro</span> <span class='ocrx_word' id='word_1_206' title='bbox 919 4578 1107 4658; x_wconf 86' lang='lat' dir='ltr'>expiacione</span> <span class='ocrx_word' id='word_1_207' title='bbox 1130 4580 1287 4642; x_wconf 89' lang='lat' dir='ltr'>scelerum</span> <span class='ocrx_word' id='word_1_208' title='bbox 1313 4595 1344 4643; x_wconf 91' lang='lat' dir='ltr'>et</span> <span class='ocrx_word' id='word_1_209' title='bbox 1367 4582 1420 4641; x_wconf 86' lang='lat' dir='ltr'>ub·</span> 
     </span>
     <span class='ocr_line' id='line_1_27' title="bbox 155 4682 1421 4767; baseline -0.001 -20"><span class='ocrx_word' id='word_1_210' title='bbox 155 4682 324 4747; x_wconf 78' lang='lat' dir='ltr'>solucione</span> <span class='ocrx_word' id='word_1_211' title='bbox 347 4683 528 4745; x_wconf 77' lang='lat' dir='ltr'>animorum</span> <span class='ocrx_word' id='word_1_212' title='bbox 545 4682 741 4765; x_wconf 79' lang='lat' dir='ltr'>prefatorum</span> <span class='ocrx_word' id='word_1_213' title='bbox 760 4683 896 4745; x_wconf 81' lang='lat' dir='ltr'>condam</span> <span class='ocrx_word' id='word_1_214' title='bbox 916 4682 1045 4745; x_wconf 80' lang='lat' dir='ltr'>Andree</span> <span class='ocrx_word' id='word_1_215' title='bbox 1062 4699 1093 4746; x_wconf 89' lang='lat' dir='ltr'>et</span> <span class='ocrx_word' id='word_1_216' title='bbox 1111 4684 1260 4767; x_wconf 87' lang='lat' dir='ltr'>Gregorii</span> <span class='ocrx_word' id='word_1_217' title='bbox 1278 4685 1421 4762; x_wconf 81' lang='lat' dir='ltr'>fratrum,</span> 
     </span>
     <span class='ocr_line' id='line_1_28' title="bbox 156 4786 1421 4873; baseline 0 -23"><span class='ocrx_word' id='word_1_218' title='bbox 156 4787 351 4853; x_wconf 71' lang='lat' dir='ltr'>adulterius</span> <span class='ocrx_word' id='word_1_219' title='bbox 374 4786 523 4870; x_wconf 88' lang='lat' dir='ltr'>Gregorii</span> <span class='ocrx_word' id='word_1_220' title='bbox 549 4786 605 4851; x_wconf 88' lang='lat' dir='ltr'>filii</span> <span class='ocrx_word' id='word_1_221' title='bbox 631 4788 775 4851; x_wconf 85' lang='lat' dir='ltr'>eiusdem</span> <span class='ocrx_word' id='word_1_222' title='bbox 809 4787 957 4869; x_wconf 86' lang='lat' dir='ltr'>Gregorii</span> <span class='ocrx_word' id='word_1_223' title='bbox 983 4787 1169 4873; x_wconf 85' lang='lat' dir='ltr'>Symunycz</span> <span class='ocrx_word' id='word_1_224' title='bbox 1200 4790 1360 4852; x_wconf 88' lang='lat' dir='ltr'>dictorum</span> <span class='ocrx_word' id='word_1_225' title='bbox 1384 4807 1421 4850; x_wconf 80' lang='lat' dir='ltr'>sc</span> 
     </span>
    </p>
   </div>
   <div class='ocr_carea' id='block_1_5' title="bbox 0 0 1718 5256">
    <p class='ocr_par' dir='ltr' id='par_1_5' title="bbox 0 0 1718 5256">
     <span class='ocr_line' id='line_1_29' title="bbox 0 0 1718 5256; baseline 0 1"><span class='ocrx_word' id='word_1_226' title='bbox 0 0 1718 5256; x_wconf 95' lang='lat' dir='ltr'> </span> 
     </span>
    </p>
   </div>
  </div>
 </body>
</html>
