3428 5256
267 304 304 347 10
793 287 880 344 Anno
903 298 993 364 1472.

262 496 437 574 funtarum,
461 511 492 559 et
516 497 587 578 ipso
611 496 721 559 debito
745 516 863 559 novem
888 510 920 560 et
950 497 1059 559 medio
1091 497 1161 562 flor.
1193 498 1274 577 auri,
1298 516 1364 579 quo
1385 497 1445 581 ipsi
1472 498 1530 562 lo·

262 605 359 665 hanni
381 602 479 685 judici
504 604 621 665 Bolsak
646 603 732 666 dicto
764 603 979 684 obligabatur,
1014 604 1102 686 quod
1135 604 1282 667 debitum
1311 623 1429 666 novem
1454 624 1532 667 cum

261 712 369 772 medio
395 711 464 773 flor.
489 711 557 772 auri
583 712 648 792 ipse
674 710 799 771 Blasius
816 709 912 790 judex
935 710 1042 772 eidem
1059 709 1198 772 lohanni
1217 709 1334 772 Bolsalt
1358 710 1531 793 persolvit,

261 833 329 879 tum
346 817 448 878 eciam
472 837 529 899 pro
554 829 627 878 octo
652 815 720 879 flor.
745 816 813 877 auri
838 835 896 898 pro
913 816 1075 898 premissis
1091 816 1172 879 taxis
1196 815 1292 897 regiis
1315 829 1346 877 et
1369 815 1441 877 aliis
1457 836 1527 879 ser·

259 924 349 985 viciis
361 923 550 1005 supradictis
567 923 756 1004 opportunis
773 941 828 1003 per
844 921 984 983 eundem
1008 920 1149 984 Blasium
1167 921 1308 1003 judicem
1320 921 1415 983 nobis
1426 922 1528 1005 assig-

261 1030 352 1107 natis,
369 1050 404 1090 ac
421 1049 477 1111 per
495 1048 553 1089 nos
577 1027 616 1089 ad
642 1027 722 1089 facts
748 1042 854 1089 nostra
873 1029 1058 1089 communia
1076 1027 1238 1109 expositis,
1263 1025 1386 1109 prelato
1411 1027 1523 1090 Blasio

260 1135 356 1216 judici
375 1154 410 1195 ac
435 1153 580 1216 pereum
605 1134 671 1194 suis
695 1134 865 1195 heredibus
889 1133 1094 1195 vendidimus
1111 1147 1142 1195 et
1165 1133 1334 1195 statuimus
1357 1132 1426 1214 jure
1451 1152 1525 1215 per·

260 1254 357 1322 petuo
371 1256 401 1302 et
419 1239 670 1301 irrevocabiliter
686 1239 859 1301 tenendum
879 1254 910 1301 et
926 1239 1235 1321 quomodocumque
1252 1238 1390 1300 voluerit
1410 1237 1521 1320 dispo·

261 1347 424 1424 nendum,
460 1365 555 1427 super
578 1364 644 1426 quo
668 1345 758 1405 litere
783 1360 889 1406 nostre
914 1345 1131 1427 privilegiales
1158 1344 1263 1406 eidem
1290 1342 1397 1406 Blasio
1420 1341 1522 1424 judici

259 1455 290 1515 in
309 1453 460 1536 pendenti
485 1466 559 1515 sunt
575 1466 739 1528 emanate3
758 1452 865 1513 literas
886 1452 985 1513 eciam
1005 1452 1153 1532 antiquas
1177 1471 1239 1532 que
1265 1451 1297 1512 in
1322 1451 1520 1512 contrarium

260 1560 364 1622 forent
388 1561 557 1637 contraire,
582 1579 690 1637 vanas,
715 1579 830 1637 cassas,
864 1571 1006 1620 mortuas
1039 1573 1069 1619 et
1101 1558 1224 1621 viribus
1247 1557 1400 1620 carituras
1423 1555 1521 1618 relin-

260 1669 399 1749 quimus.
