3420 5250
800 1319 904 1400 XVl.

163 1541 165 1545 ’
222 1551 460 1627 luventarium
497 1574 559 1627 are
597 1558 723 1627 sancte
761 1550 950 1628 Trinitatis
987 1552 1022 1627 in
1065 1553 1221 1629 ecclesia
1255 1554 1494 1654 zagrabiensi

221 1675 369 1752 fundate
399 1676 495 1751 circa
523 1676 721 1751 columnam
752 1676 905 1752 mediam
937 1676 1096 1752 ecclesie
1123 1684 1210 1777 post
1236 1700 1337 1753 aram
1357 1685 1491 1755 sancte

221 1798 382 1875 Barbare
410 1799 574 1900 virginis,
606 1800 728 1875 datum
748 1807 787 1875 et
811 1800 1038 1900 assignatum
1067 1823 1132 1900 per
1159 1801 1401 1877 venerabilem
1422 1801 1491 1877 do·

221 1923 351 1999 minum
390 1920 608 2023 Gregorium
655 1906 944 1999 archidiaconum
982 1921 1260 2000 Camarcensem
1303 1931 1342 2000 et
1378 1947 1491 2001 cano·

220 2047 336 2122 nicum
365 2047 520 2123 ecclesie
548 2047 798 2147 zagrabiensis
828 2047 1002 2147 predicte,
1036 2046 1081 2123 ad
1110 2069 1236 2122 manus
1265 2047 1491 2125 honorabilis

166 2219 169 2225 ·
221 2170 354 2245 domini
394 2165 585 2246 Benedicti
621 2171 665 2247 de
704 2167 878 2246 Omnibus
925 2170 1061 2246 sanctis
1100 2194 1214 2270 prope
1253 2169 1489 2271 Zagrabiam,

220 2295 448 2395 prebendarii
487 2302 525 2370 et
560 2295 714 2371 rectoris
752 2294 848 2370 dicte
887 2317 950 2370 are
989 2301 1117 2371 sancte
1146 2293 1349 2381 Trinitatis,
1378 2318 1488 2396 prop-

220 2428 336 2507 terea,
365 2425 405 2495 ut
432 2418 689 2519 prebendarius
718 2425 757 2494 et
785 2425 909 2494 rector
946 2418 1090 2519 prefate
1119 2442 1184 2495 are
1213 2427 1349 2496 sancte·
1368 2418 1489 2496 Trini-

220 2542 321 2631 tatis,
351 2565 416 2642 pro
446 2551 612 2642 tempore
641 2542 813 2634 existens,
852 2549 935 2619 oret
962 2566 1029 2642 pro
1068 2542 1261 2644 refrigerio
1289 2544 1488 2620 animarum

221 2664 307 2741 dicti
335 2664 468 2740 domini
504 2663 689 2765 Gregorii,
726 2674 916 2765 parentum
955 2674 993 2741 et
1030 2665 1304 2742 benefactorum
1338 2688 1487 2743 suorum

220 2813 263 2866 ac
291 2791 458 2877 omnium,
486 2791 544 2889 qui
563 2789 609 2865 ad
629 2790 761 2865 dictam
782 2812 880 2866 aram
900 2789 1044 2890 aliquod
1064 2791 1230 2866 auxilium
1249 2791 1486 2890 prebuerunt.

702 3013 799 3085 (circo
817 3031 887 3069 ann.
906 3017 997 3084 1522.)

605 3209 818 3283 Quantum
851 3210 899 3273 ad
924 3210 1101 3276 domum.

328 3371 406 3433 ltem
438 3371 596 3454 imprimis
642 3391 724 3433 unus
763 3370 876 3455 ciphus
916 3372 955 3433 de
988 3392 1068 3434 nuce
1101 3372 1206 3434 indica
1238 3392 1311 3435 cum
1351 3388 1485 3456 argento

221 3478 417 3542 circumdata
441 3478 481 3539 ad
513 3477 647 3540 modum
682 3498 796 3561 coppe,
828 3479 861 3540 in
898 3498 964 3562 quo
997 3492 1070 3541 sunt
1095 3480 1218 3562 argenti
1242 3480 1381 3542 lottoues
1405 3499 1484 3563 que-

220 3585 411 3649 tuordecim.

325 3692 404 3754 ltem
429 3705 568 3774 quatuor
591 3691 747 3753 coclearia
772 3707 933 3774 argentea,
964 3712 1028 3775 que
1060 3693 1242 3775 ponderant
1273 3693 1395 3774 argenti
1420 3693 1482 3755 lot·

219 3814 312 3861 tones
335 3813 456 3881 septem
482 3811 513 3861 et
537 3799 668 3881 quintus
698 3798 852 3862 medium.

326 3905 403 3967 ltem
428 3917 567 3987 quatuor
598 3904 716 3966 cantari
749 3903 789 3966 de
821 3918 948 3983 stanno,
980 3905 1069 3983 boni,
1101 3924 1185 3966 unus
1217 3904 1360 3966 continet
1383 3924 1481 3967 unam

219 4013 353 4095 pintam,
377 4012 457 4075 alter
475 4031 570 4074 unam
588 4012 727 4075 mediam
745 4013 880 4095 pintam,
897 4012 1014 4074 tercius
1032 4031 1131 4073 unum
1149 4012 1277 4074 terciale
1302 4026 1333 4073 et
1349 4026 1482 4094 quartus

219 4120 366 4182 similiter
389 4139 489 4181 unum
514 4118 654 4180 terciale.

325 4227 403 4288 ltem
429 4239 568 4307 quatuor
590 4225 723 4288 scutelle
748 4225 787 4286 de
811 4240 938 4305 stanno,
962 4244 1088 4308 magne,
1113 4227 1208 4287 bone.

324 4333 402 4394 ltern
427 4331 490 4394 due
514 4330 663 4393 similiter
687 4330 726 4392 de
751 4344 878 4411 stanno,
903 4351 1000 4415 parve
1024 4330 1079 4393 sed
1104 4332 1200 4394 bone.

324 4438 403 4501 ltem
428 4451 567 4520 quatuor
591 4436 669 4499 disci
694 4436 734 4499 de
757 4450 883 4517 stanno,
908 4438 996 4502 boni.

324 4544 403 4608 ltem
428 4544 493 4606 duo
518 4543 673 4607 mensalia
696 4564 791 4607 novo.

324 4653 403 4716 ltem
427 4671 492 4715 una
514 4651 617 4737 pelvis
640 4652 736 4731 bour,
760 4669 833 4714 cum
857 4648 1001 4718 floriouu

324 4759 402 4827 Item
428 4779 492 4825 una
515 4778 625 4827 menen
650 4776 777 4843 magna.
