3428 5256
751 371 838 429 Anno
862 366 957 448 1484.

220 600 308 669 parte
339 600 446 647 autem
480 583 683 645 meridionali
711 602 809 664 penes
842 583 926 643 viam
961 600 1179 658 communem,
1214 600 1231 642 a
1262 596 1350 663 parte
1375 596 1485 643 autem

220 691 474 774 septemtrionali
499 710 597 772 penes
622 688 758 750 fundum
792 687 903 769 prefati
931 687 1084 769 Stephani
1119 687 1234 749 literati
1258 702 1289 748 et
1313 688 1429 769 partim
1454 703 1487 750 et

221 800 253 860 in
280 799 406 861 modica
424 798 602 878 quantitate
619 816 718 878 penes
736 794 871 857 fundum
890 795 997 856 altaris
1025 795 1125 855 sancti
1144 794 1268 855 Nicolai
1294 795 1326 856 in
1352 794 1487 857 ecclesia

219 920 325 967 nostra
350 905 486 981 lundati,
508 903 575 985 jure
601 918 757 983 perpetuo
783 916 814 963 et
840 901 1104 963 irrevocabiliter.

326 1016 421 1072 Anno
453 1010 668 1092 suprascripto
701 1009 731 1069 in
765 1007 844 1070 festo
878 1007 1143 1069 Circumcisionis
1177 1006 1321 1086 Domini,
1354 1007 1489 1089 provida

222 1119 353 1179 domina
380 1117 492 1177 Vrsula
520 1115 627 1176 relicta
661 1115 797 1176 condam
832 1114 986 1175 lobannis
1021 1114 1120 1174 Pazar
1151 1113 1342 1175 auctoritate
1365 1132 1489 1175 succes-

219 1225 303 1285 soria
327 1221 441 1306 prelati
466 1221 621 1283 lobannis
646 1221 746 1281 Pazar
770 1221 909 1281 condam
945 1220 1049 1281 mariti
1074 1219 1122 1280 sui
1148 1219 1294 1281 vendidit
1323 1220 1488 1282 Vilhelmo

220 1329 287 1391 filio
313 1329 446 1391 Roberti
472 1328 510 1388 de
537 1328 660 1406 Scocia,
685 1327 729 1388 uti
755 1340 864 1387 nostro
889 1345 975 1387 novo
1000 1326 1138 1403 concivi,
1163 1324 1325 1406 quandam
1351 1325 1488 1388 domum

168 1444 171 1451 '
220 1457 309 1499 suam
335 1451 492 1498 muratam
518 1456 590 1497 cum
624 1435 725 1496 fundo
757 1449 787 1496 et
823 1435 910 1496 curia
944 1455 980 1497 ac
1018 1433 1152 1495 edificiis
1185 1435 1216 1496 in
1251 1435 1334 1496 dicta
1359 1436 1488 1498 civitate

221 1558 328 1604 nostra
352 1563 450 1625 penes
475 1543 609 1602 domum
628 1556 785 1603 muratam
810 1541 1033 1623 circumspecti
1052 1540 1208 1602 lobannis
1225 1538 1282 1602 filii
1309 1541 1487 1604 Sebastiani

222 1649 371 1711 Soldinar
396 1649 543 1710 moderni
569 1647 684 1727 judicis
708 1663 739 1709 et
765 1648 906 1708 concivis
940 1648 1051 1725 nostri,
1075 1667 1091 1708 a
1117 1663 1206 1729 parte
1231 1668 1307 1710 vero
1332 1648 1482 1711 occiden-

222 1759 275 1818 tali
301 1772 331 1817 et
355 1754 608 1837 septemtrionali
635 1774 732 1836 penes
765 1753 900 1815 fundum
935 1754 1095 1817 desertum
1122 1753 1269 1837 Dyonisii
1295 1768 1326 1816 et
1351 1755 1486 1817 Fabiani

224 1863 386 1944 Sipchicb,
410 1883 428 1922 a
453 1875 541 1943 parte
566 1880 642 1921 vero
673 1860 821 1921 orientali
854 1880 951 1942 penes
983 1861 1067 1921 viam
1101 1880 1307 1923 communem
1333 1881 1396 1943 qua
1422 1861 1487 1924 itur

220 1969 259 2029 ad
285 1986 414 2049 parvam
441 1965 644 2048 posticulam,
669 1965 921 2026 irrevocabiliter
944 1965 1129 2029 tenendam.

329 2079 425 2135 Anno
449 2072 664 2155 suprascripto
698 2074 728 2133 in
768 2071 848 2134 festo
875 2073 958 2154 beati
983 2073 1150 2134 Vincencii
1183 2073 1332 2153 martiris,
1357 2074 1484 2157 providi

221 2181 345 2241 Blasius
361 2180 505 2240 Lazarini
521 2180 627 2240 senior
644 2179 739 2259 judex
761 2200 796 2240 ac
815 2180 927 2240 Simon
953 2195 1064 2258 sartor,
1097 2181 1246 2242 concives
1269 2180 1381 2259 nostri,
1406 2200 1480 2243 auc·

163 2361 167 2369 ι
221 2288 346 2348 [oritate
364 2286 543 2347 testamenti
569 2286 674 2367 scripti
701 2286 838 2346 condam
857 2286 981 2346 Nicolai
1007 2287 1147 2365 sartoris,
1172 2288 1306 2348 senioris
1330 2286 1423 2369 jurati
1449 2301 1481 2349 et

223 2396 363 2456 concivis
388 2395 497 2471 nostri,
526 2394 684 2454 dederunt
711 2409 741 2455 et
765 2396 971 2456 contulerunt
999 2395 1160 2475 quandam
1194 2411 1309 2457 terram
1335 2395 1482 2458 eiusdem

221 2501 381 2563 testatoris
405 2516 526 2580 septem
552 2500 602 2560 vel
628 2501 704 2560 citra
729 2515 783 2560 aut
807 2501 879 2581 plus
915 2501 1016 2562 dietas
1040 2502 1071 2561 in
1104 2522 1136 2561 se
1161 2503 1393 2581 continentem,
1418 2515 1482 2563 tres

221 2608 369 2668 videlicet
394 2607 529 2666 arabiles
554 2620 584 2665 et
604 2620 740 2685 quatuor
751 2605 999 2684 lenilis,Jac0bo
1018 2605 1085 2668 filio
1110 2606 1208 2668 Vlrici
1234 2606 1273 2668 de
1299 2607 1385 2667 Flicz
1412 2626 1479 2668 mo·

221 2714 321 2774 derno
347 2713 449 2791 jurato
475 2727 505 2772 et
529 2711 653 2772 concivi
674 2727 792 2788 nostr0,
816 2715 875 2773 sub
900 2714 1109 2794 sequentibus
1126 2713 1278 2774 clausulis
1302 2729 1332 2775 et
1355 2714 1481 2795 obliga·

222 2821 373 2895 minibus,
399 2819 521 2899 primo:
547 2817 633 2898 quod
662 2818 746 2878 idem
773 2820 909 2879 lacobus
934 2835 964 2880 et
992 2839 1190 2880 successores
1215 2820 1359 2881 eiusdem
1384 2820 1485 2902 ipsius

221 2943 300 2986 tetre
327 2941 356 2985 et
382 2925 488 2984 fertilis
506 2944 702 3004 possessores
720 2925 812 2985 annis
829 2927 991 3006 perpetuis
1009 2946 1043 2986 ac
1070 2926 1185 2988 futuris
1201 2945 1327 3007 semper
1351 2926 1382 2988 in
1401 2925 1484 2988 festo

222 3033 304 3091 beati
338 3030 460 3091 Nicolai
497 3031 666 3111 (episcopi)
699 3046 728 3090 et
761 3030 950 3092 confessoris
984 3052 1047 3092 non
1082 3032 1345 3113 pretermittendo
1377 3032 1482 3114 ipsum

222 3138 306 3197 diem
334 3153 394 3196 tres
420 3150 450 3196 et
475 3137 614 3195 mediam
641 3136 745 3196 luntas
770 3157 838 3198 cere
863 3138 1069 3199 candelarum
1088 3153 1269 3220 paratarum
1295 3157 1367 3199 cum
1394 3157 1483 3200 men·

221 3264 292 3304 sura
319 3244 469 3303 cambucc
495 3242 592 3320 vulgo
619 3245 716 3323 ltyecz
749 3245 787 3303 ad
823 3246 1052 3305 monasterium
1087 3245 1325 3306 Heremitarum
1351 3244 1382 3305 in
1408 3262 1483 3326 pro·

222 3351 384 3411 montorio
402 3350 599 3428 zagrabiensi
619 3349 751 3411 fundato
770 3351 844 3411 dare
867 3367 896 3411 et
913 3353 1146 3412 amministrare
1163 3352 1293 3413 debebit
1317 3365 1346 3412 et
1371 3365 1482 3413 tenen·

222 3472 281 3533 tur,
315 3457 443 3536 insuper
475 3456 498 3514 si
525 3456 699 3535 predictam
724 3477 827 3517 ceram
862 3458 891 3517 in
926 3459 994 3539 ipso
1019 3456 1098 3519 sesto
1132 3459 1207 3519 dare
1232 3478 1297 3519 non
1323 3471 1482 3538 curarent,

222 3579 336 3622 extunc
369 3564 407 3622 de
441 3563 641 3643 possessione
674 3562 816 3623 eiusdem
851 3564 1062 3627 destituantur
1095 3580 1125 3626 et
1156 3566 1270 3626 cadant
1303 3584 1341 3626 eo
1378 3563 1482 3642 lacto;

222 3670 350 3749 insuper
375 3669 398 3727 si
426 3668 560 3729 eandem
586 3682 700 3728 terram
727 3682 756 3729 et
782 3668 877 3729 senile
903 3691 919 3730 a
944 3691 975 3731 se
1001 3671 1162 3732 voluerint
1188 3672 1338 3748 alienare,
1363 3685 1480 3733 extunc

224 3794 296 3836 cum
322 3794 478 3834 consensu
505 3775 744 3835 communitatis
769 3791 873 3836 nostre
899 3797 933 3836 ac
967 3776 1163 3858 prelatorum
1189 3776 1322 3839 fratrum
1347 3777 1407 3840 hoc
1431 3777 1476 3839 f·

222 3901 291 3941 cere
313 3883 438 3941 valeant
456 3897 484 3940 et
504 3901 567 3941 non
594 3881 683 3942 alteri
709 3897 859 3942 extraneo
884 3883 942 3943 nisi
970 3898 1078 3944 nostro
1103 3886 1238 3962 concivi,
1263 3885 1287 3944 si
1303 3899 1410 3946 autem
1436 3883 1481 3946 al·

223 3987 280 4047 teri
299 4001 448 4046 extraneo
474 3987 548 4047 dare
574 3988 744 4064 voluerint,
770 4005 884 4048 extunc
905 4009 1000 4070 super
1024 3991 1159 4051 eandem
1185 4006 1300 4052 terram
1325 4005 1355 4054 et
1380 3989 1478 4053 fenile

221 4093 343 4154 nullam
370 4092 483 4153 babeat
508 4092 702 4157 facultatem.

328 4204 422 4259 Anno
442 4200 571 4259 Domini
592 4201 764 4262 millesimo
783 4201 1101 4281 quadringentesimo
1119 4204 1338 4285 octuagesimo
1356 4220 1482 4286 quarto,

221 4307 252 4368 in
278 4305 357 4367 sesto
383 4306 464 4366 beati
493 4306 581 4365 l'auli
599 4306 693 4388 primi
721 4307 895 4383 Heremite,
923 4309 1083 4370 llorothea
1110 4309 1173 4370 filia
1201 4311 1325 4372 Nicolai
1351 4310 1480 4394 Rosych

222 4413 261 4474 de
287 4412 421 4489 Achiua,
456 4413 597 4472 concivis
632 4428 749 4491 nostra,
782 4415 924 4474 vendidit
958 4416 1050 4475 civile
1084 4437 1176 4477 suum
1208 4438 1261 4478 scu
1288 4416 1423 4478 fundum
1449 4418 1480 4479 itt

221 4520 348 4582 civitate
372 4533 478 4580 nostra
506 4519 585 4579 inter
610 4519 725 4579 domos
750 4535 780 4580 et
805 4518 921 4580 lundos
940 4522 1076 4581 condam
1104 4524 1279 4583 liberorum
1305 4538 1335 4584 et
1359 4543 1482 4585 succes·

220 4645 329 4688 sotum
367 4623 457 4688 Gaan
495 4622 651 4705 pellificis,
685 4645 702 4685 a
739 4626 964 4703 meridionali,
998 4647 1032 4687 ac
1068 4628 1148 4689 inter
1182 4629 1316 4690 domum
1349 4630 1483 4711 provide

223 4731 423 4815 Margarethe
448 4730 635 4794 Marisnicza
662 4730 756 4807 dicte,
780 4752 797 4792 a
821 4733 1087 4812 septemtrionali,
1113 4735 1263 4798 videlicet
1287 4737 1481 4799 anteriorem

222 4852 346 4927 partein
369 4835 472 4901 tocius
495 4834 587 4899 fundi
611 4855 669 4919 pto
693 4856 759 4900 uno
783 4836 852 4900 flor.
878 4851 909 4897 et
940 4838 1051 4919 viginti
1077 4841 1189 4902 solidis
1213 4842 1349 4905 Nicolao
1372 4862 1484 4928 epotas
