3428 5256
233 355 275 418 90
763 341 849 399 Anno
872 337 964 416 1508.

233 553 287 614 rici
308 552 437 615 Therek
455 553 494 614 de
520 550 693 635 Kennygg*
718 554 757 613 ab
775 552 952 632 occidente,
976 567 1007 615 et
1034 553 1115 614 inter
1143 553 1278 614 domum
1302 568 1333 617 et
1357 553 1494 616 fundum

232 659 289 719 viri
314 659 461 720 similiter
486 658 611 740 providi
637 673 668 721 et
692 659 816 720 honesti
835 659 996 721 Valentini
1015 660 1132 721 sutoris
1152 680 1168 720 a
1187 660 1390 722 meridionali
1410 661 1491 722 inter

233 765 311 826 duas
328 766 449 847 plateas
473 784 677 842 communes,
704 785 800 827 unam
823 786 839 827 a
866 766 1094 848 septemtrione
1127 780 1158 829 et
1182 766 1278 828 aliam
1309 768 1349 828 ab
1375 767 1498 828 oriente

237 872 341 949 sitam,
373 871 514 934 habitam
547 885 577 932 et
611 871 819 949 existentem,
852 892 947 933 unam
990 873 1110 934 curiam
1143 872 1305 952 integram
1339 873 1379 934 ad
1404 893 1497 934 usum

238 978 373 1040 civitatis
390 976 510 1059 prefate
536 977 567 1037 in
592 997 624 1038 se
649 977 879 1057 continentem,
905 978 1006 1039 nobili
1037 992 1067 1040 et
1091 979 1240 1061 prudenti
1267 979 1336 1041 viro
1359 979 1496 1041 Johanni

233 1082 367 1164 Posegaj
393 1083 490 1161 dicto,
514 1083 736 1144 tricesimatori
754 1084 952 1164 zagrabiensi
978 1099 1009 1146 et
1023 1084 1136 1146 Vrsule
1161 1104 1276 1166 sponse
1300 1105 1356 1146 sue
1381 1105 1417 1146 ac
1441 1105 1498 1167 per

232 1209 306 1252 eum
332 1189 397 1251 suis
421 1190 593 1251 heredibus
617 1208 675 1271 pro
699 1189 933 1271 quinquaginta
965 1189 1035 1253 flor.
1068 1191 1136 1252 auri
1162 1191 1308 1253 vendidit
1332 1191 1399 1272 jure
1426 1212 1494 1273 per-

232 1312 329 1378 petuo
355 1296 594 1377 possidendam.
619 1300 715 1356 Anno
742 1297 874 1359 Domini
904 1317 995 1378 ¹50²·

338 1400 436 1474 Quod
462 1400 536 1482 quia
562 1401 610 1461 vir
633 1401 787 1482 providus
804 1416 834 1463 et
852 1401 1005 1464 honestus
1023 1402 1198 1484 Gregorius
1215 1404 1370 1481 literatus,
1387 1403 1495 1464 senior

231 1506 351 1587 juratus
364 1521 394 1568 et
411 1507 551 1568 concivis
570 1521 687 1586 noster,
704 1508 866 1589 quandam
884 1522 999 1570 terram
1018 1529 1108 1570 suam
1126 1510 1308 1588 arrabilem,
1325 1529 1378 1570 sex
1394 1510 1495 1571 dietas

213 1612 264 1674 'in
288 1633 320 1674 se
344 1614 582 1692 continentem,
617 1614 648 1675 in
680 1614 841 1676 territorio
872 1635 928 1676 seu
961 1635 1075 1697 campo
1107 1630 1213 1678 nostre
1245 1616 1381 1678 civitatis
1415 1616 1496 1678 inter

230 1733 329 1781 terras
353 1720 506 1781 arrabiles
529 1741 546 1782 a
572 1733 660 1802 parte
692 1721 840 1782 orientali
872 1740 970 1803 penes
1001 1736 1117 1783 terram
1151 1722 1304 1784 arabilem
1331 1721 1495 1784 colendini

230 1845 286 1887 seu
311 1825 580 1888 confraternitatis
603 1840 760 1906 sutorum,
785 1847 802 1888 a
827 1841 914 1909 parte
948 1848 1023 1890 vero
1056 1828 1248 1890 occidentali
1273 1847 1372 1910 penes
1395 1841 1495 1889 terras

230 1933 367 1995 arabiles
390 1932 558 2014 hospitalis
582 1947 689 1994 sancte
725 1933 824 1994 Marie
850 1934 1029 1995 Auunciate
1062 1935 1094 1995 in
1127 1934 1211 1995 dicta
1236 1949 1343 1995 nostra
1369 1934 1496 1995 civitate

231 2037 367 2117 fundati,
391 2059 408 2100 a
433 2054 521 2121 parte
559 2057 635 2099 vero
669 2039 873 2101 meridionali
907 2060 1008 2121 usque
1041 2039 1208 2118 fossatum,
1233 2062 1249 2102 a
1274 2055 1362 2122 parte
1388 2053 1494 2102 autem

230 2146 482 2228 septemtrionali
508 2165 606 2227 penes
629 2146 714 2207 viam
732 2165 939 2207 communem
956 2147 1098 2208 habitam
1117 2161 1147 2209 et
1172 2146 1371 2225 existentem,
1390 2146 1494 2228 ipsum

230 2251 351 2312 scilicet
376 2250 552 2331 Georgium
572 2251 734 2313 literatum
764 2266 835 2334 post
865 2267 1002 2314 mortem
1033 2267 1064 2315 et
1087 2253 1234 2314 similiter
1257 2252 1495 2314 testamentaria

228 2357 394 2437 legacione
418 2357 555 2418 condam
581 2357 691 2418 Jacobi
720 2357 904 2439 Bekethych
929 2358 1005 2419 dicti
1034 2359 1113 2419 olim
1143 2359 1284 2420 concivis
1301 2358 1400 2418 nostri
1419 2357 1489 2438 jure

230 2469 426 2525 successorio
451 2477 482 2525 et
513 2462 662 2525 similiter
697 2463 782 2524 linea
814 2462 977 2525 affinitatis
1008 2479 1162 2546 tanquam
1195 2465 1225 2525 in
1259 2464 1398 2526 eundem
1424 2462 1494 2524 des·

230 2570 321 2631 cendi
347 2584 604 2648 concernentem,
626 2569 721 2630 simul
739 2589 812 2631 cum
830 2571 984 2630 omnibus
1000 2571 1144 2632 eiusdem
1163 2585 1244 2632 terre
1262 2569 1392 2631 arabilis
1409 2568 1494 2629 utili·

228 2677 357 2755 tatibus,
381 2675 505 2757 juribus
528 2690 599 2754 etc,
624 2676 726 2737 nobili
752 2663 787 2737 et*
816 2676 963 2757 prudenti
998 2677 1066 2738 viro
1091 2677 1229 2738 lohanni
1256 2675 1401 2757 Posegaj,
1427 2695 1494 2737 mo·

230 2782 331 2843 derno
355 2781 452 2862 judici
478 2796 598 2860 nostro,
624 2801 659 2842 ac
684 2801 739 2862 per
764 2802 838 2843 eum
862 2783 926 2843 suis
943 2782 1116 2844 heredibus
1140 2803 1198 2865 pro
1223 2782 1394 2844 duodecim
1420 2801 1494 2844 cum

229 2888 339 2949 medio
363 2886 433 2950 flor.
457 2889 537 2966 auri,
562 2907 618 2968 per
642 2889 779 2949 eundem
805 2888 985 2949 lohannem
1015 2887 1148 2969 Posegaj
1181 2888 1320 2969 judicem
1346 2901 1491 2964 nostrum

229 2992 353 3075 prefato
378 2993 520 3074 Georgio
545 2994 682 3072 literato,
714 3009 809 3076 prout
842 2995 975 3076 ipsemet
1007 2995 1100 3056 uobis
1133 2994 1260 3073 retulit,
1285 2994 1379 3076 plene
1412 2993 1493 3055 datis

229 3113 260 3162 et
283 3100 453 3181 persolutis
478 3101 507 3160 in
535 3114 725 3181 perpetuum
750 3100 888 3162 dedisset
913 3115 943 3162 et
969 3101 1220 3162 irrevocabiliter
1244 3100 1493 3182 possidendam

229 3207 279 3268 cui
305 3207 377 3267 data
404 3221 450 3267 est
479 3207 569 3267 litera
603 3207 812 3288 privilegialis
843 3205 921 3269 feria
945 3222 1031 3269 sexta
1057 3209 1088 3269 in
1115 3206 1195 3269 festo
1221 3207 1304 3270 beati
1323 3207 1489 3287 Pangracii

229 3313 377 3374 martiris.
408 3335 416 3374 r
427 3313 499 3393 508.

336 3472 350 3505 *
370 3469 443 3524 sors:
464 3468 611 3540 Hehnigg.
