3428 5256
264 345 321 389 102
789 325 875 382 Anno
899 319 989 397 1518.

260 539 379 601 seniori
405 538 510 618 iudice
536 550 567 600 et
594 536 726 599 concive
759 550 880 614 nostro,
912 547 1158 610 commutasset;
1191 553 1254 615 que
1287 533 1420 615 quidem
1444 548 1529 596 terre

260 648 291 709 in
317 647 478 708 territorio
503 659 612 706 nostro
646 663 702 705 seu
734 642 871 704 civitatis
902 640 1024 724 prefate
1057 642 1196 702 existunt
1227 641 1308 702 inter
1341 655 1438 701 terras
1472 662 1528 703 are

261 767 367 816 sancte
393 752 506 815 Crucis
530 751 562 812 in
587 750 720 812 ecclesia
746 762 852 810 nostra
877 747 1053 831 parochiali
1082 746 1167 808 beati
1193 747 1291 808 Marci
1317 747 1525 827 ewangeliste

261 873 453 938 constructe,
477 879 494 919 a
519 871 606 941 parte
633 855 793 933 orientali,
818 876 836 916 a
860 869 948 937 parte
977 854 1232 937 septemtrionali
1258 854 1307 914 via
1333 853 1529 930 communis,

261 988 278 1028 a
303 979 391 1048 parte
416 963 609 1026 occidentali
626 977 708 1024 terre
726 961 862 1025 arabiles
880 961 1045 1042 prudentis
1062 976 1092 1022 et
1109 961 1330 1041 circumspecti
1354 960 1413 1021 viri
1432 960 1527 1022 Eme·

261 1072 318 1134 rici
343 1071 460 1134 literati
485 1069 621 1131 senioris
646 1067 761 1148 judicis
797 1081 828 1129 et
860 1067 1003 1129 concivis
1036 1067 1147 1143 nostri,
1178 1080 1308 1148 aparte
1333 1087 1408 1127 vero
1433 1068 1528 1129 meri·

262 1179 385 1241 dionali
409 1177 523 1261 partim
551 1177 632 1238 inter
656 1190 772 1236 terram
790 1174 937 1235 similiter
960 1175 1058 1254 vulgo
1076 1173 1198 1256 Zygeth
1217 1173 1335 1234 dictam
1360 1174 1529 1255 hospitalis

262 1286 362 1347 nostri
387 1287 478 1346 beate
504 1283 603 1345 Maris
629 1282 763 1363 virginis
787 1281 818 1341 in
844 1279 965 1362 prefata
991 1280 1118 1342 civitate
1140 1281 1312 1342 constructi
1336 1294 1367 1343 et
1392 1279 1528 1359 fundati,

262 1392 387 1455 habitas
412 1403 442 1452 et
466 1390 653 1464 existentes;
686 1388 763 1450 item
788 1401 872 1450 mete
897 1387 979 1448 dicte
1012 1400 1094 1449 terre
1120 1386 1330 1469 Zygethhoc
1356 1386 1455 1448 modu
1481 1387 1528 1448 di-

262 1498 464 1578 stinguntur:
491 1495 572 1556 inter
589 1493 707 1555 dictam
726 1507 842 1554 terram
860 1492 982 1576 Zygeth
1000 1491 1113 1574 prelati
1133 1492 1299 1575 hospitalis
1317 1493 1416 1553 nostri
1434 1494 1527 1555 beate

265 1603 364 1665 Marie
390 1601 534 1682 virginis,
560 1622 577 1662 a
602 1614 690 1682 parte
723 1599 883 1677 orientali,
917 1600 971 1660 ubi
997 1598 1163 1681 quoddam
1197 1598 1350 1661 fossatum
1383 1612 1528 1680 tempore

263 1707 396 1793 pluviali
421 1706 566 1769 defluens
583 1706 714 1785 mediat,
739 1720 770 1769 et
792 1718 915 1789 aparte
939 1705 1144 1766 meridionali
1170 1706 1221 1766 via
1246 1703 1385 1787 publica,
1405 1722 1528 1789 aparte

263 1835 339 1877 vero
356 1812 547 1875 occidentali
564 1826 645 1874 terra
663 1812 785 1894 capelle
810 1825 918 1873 nostre
939 1813 1106 1873 beatorum
1132 1811 1265 1872 Fabiani
1291 1825 1321 1872 et
1347 1811 1526 1873 Sebastiani

265 1921 430 1983 martirum
456 1920 488 1980 in
512 1918 633 2001 prelata
662 1919 797 1980 ecclesia
829 1931 936 1979 nostra
971 1917 1054 1979 beati
1088 1917 1187 1978 Marci
1221 1918 1427 1997 ewangeliste
1452 1937 1527 1980 con·

265 2041 381 2089 structe
407 2041 436 2087 et
461 2025 604 2104 fundate,
629 2025 771 2086 habitam
797 2038 828 2086 et
851 2025 1052 2103 existentem,
1076 2024 1173 2085 simul
1202 2044 1275 2086 cum
1299 2026 1452 2085 omnibus
1470 2026 1530 2086 eis·

265 2135 339 2196 dem
362 2133 454 2195 terris
478 2133 624 2213 superius
649 2132 837 2215 expressatis
860 2146 925 2193 tam
951 2131 1088 2213 desuper
1119 2130 1341 2192 adiacentibus
1365 2151 1462 2213 quarn
1488 2132 1529 2193 si·

266 2240 384 2302 militer
408 2239 484 2300 dicti
501 2239 624 2320 Zygeth
648 2240 688 2299 ab
707 2237 788 2298 infra
805 2237 1009 2315 subiacentis,
1028 2237 1231 2315 utilitatibus,
1251 2236 1384 2316 juribus,
1408 2237 1530 2316 usibus,

266 2345 542 2408 fructuositatibus
566 2358 596 2405 et
621 2345 827 2426 pertinenciis
850 2345 1019 2422 universis,
1048 2343 1171 2426 prelato
1199 2345 1304 2405 lwano
1330 2345 1457 2406 Zodecz
1481 2366 1529 2406 se·

265 2453 347 2514 niori
373 2451 470 2532 judici
494 2465 524 2512 et
547 2451 672 2512 concivi
698 2464 819 2528 nostro,
844 2470 880 2512 ac
905 2471 961 2532 per
985 2470 1060 2512 eum
1085 2451 1150 2511 suis
1176 2449 1349 2512 heredibus
1374 2471 1430 2532 pro
1455 2451 1528 2512 aliis

266 2559 357 2621 terris
381 2557 527 2618 similiter
544 2557 720 2618 arabilibus
736 2554 849 2637 prefati
876 2556 973 2617 lwani
993 2556 1118 2617 Zodecz
1141 2556 1289 2618 similiter
1313 2557 1345 2617 in
1369 2557 1530 2618 territorio

266 2662 388 2748 prefate
413 2662 551 2724 civitatis
574 2661 692 2723 habitis
709 2681 765 2743 per
782 2661 916 2723 modum
934 2662 1164 2723 concambialis
1192 2663 1441 2742 permutacionis
1458 2682 1530 2723 curn

267 2771 486 2833 additamento
512 2768 649 2829 duorum
675 2766 744 2830 flor.
769 2781 799 2829 et
832 2788 889 2849 per
921 2767 1080 2850 prefatum
1114 2769 1255 2830 lwanum
1283 2769 1409 2831 Zodecz
1437 2770 1530 2830 nobis

267 2896 323 2939 seu
348 2875 467 2959 prelate
493 2875 625 2936 ecclesie
659 2889 766 2936 nostre
799 2875 892 2956 plene
926 2874 1007 2938 datis
1031 2889 1061 2936 et
1092 2876 1274 2958 persolutis,
1300 2890 1334 2937 ut
1358 2875 1526 2957 prefertur,

268 3004 324 3068 per
349 2983 481 3044 modurn
500 2981 729 3043 concambialis
756 2983 1006 3063 permutationis
1038 2982 1188 3044 dedimus
1215 2997 1245 3044 et
1263 2984 1529 3064 permutavimus,

269 3091 370 3152 immo
395 3088 509 3150 damus
538 3103 569 3150 et
593 3101 813 3170 permutamus
845 3087 911 3167 jure
936 3102 1092 3170 perpetuo
1114 3104 1144 3149 et
1177 3089 1446 3165 irrevocabiliter;
1480 3090 1530 3150 cui

270 3197 342 3257 data
360 3210 406 3258 est
419 3195 509 3256 litera
525 3193 743 3276 privilegialis.
769 3194 888 3255 Datum
910 3193 986 3255 feria
1011 3195 1122 3276 quinta
1145 3196 1291 3275 proxima
1316 3212 1388 3258 ante
1414 3195 1528 3258 festum

269 3307 436 3366 beatorum
463 3301 602 3383 Philippi
629 3314 659 3360 et
683 3301 793 3362 iacobi
826 3300 1057 3382 apostolorum.
1083 3306 1179 3363 Anno
1198 3303 1328 3363 Domini
1355 3303 1529 3365 millesimo

270 3408 531 3491 quingentesimo
557 3407 683 3468 decimo
708 3421 833 3469 octavo.

376 3514 474 3588 Quod
500 3514 574 3594 quia
601 3533 658 3574 nos
679 3514 895 3575 communitas
918 3514 1074 3595 quasdam
1090 3529 1199 3594 terras,
1224 3516 1303 3576 duas
1327 3516 1428 3575 dietas
1452 3529 1532 3577 terre

270 3621 358 3682 inse
383 3621 594 3697 continentes,
631 3639 693 3699 que
718 3621 806 3701 prius
838 3620 1041 3702 pertinebant
1072 3621 1112 3681 ad
1144 3621 1351 3683 calendinum
1384 3637 1530 3682 nostrum

270 3729 361 3788 beate
388 3727 487 3787 Marie
512 3726 645 3805 virginis
669 3745 725 3787 seu
750 3726 789 3786 ad
808 3727 960 3788 maccella
978 3743 1084 3789 nostra
1110 3729 1142 3788 in
1161 3729 1322 3790 territorio
1350 3743 1458 3788 nostro
1476 3749 1532 3789 seu

270 3833 407 3894 civitatis
431 3832 550 3915 prefate
576 3833 659 3893 inter
683 3847 798 3893 terram
816 3853 873 3894 seu
899 3832 1041 3894 senetum
1059 3835 1179 3915 egregii
1198 3834 1321 3895 domini
1342 3833 1533 3895 Baithasaris

270 3939 416 4000 vicebani
441 3939 530 4019 regni
550 3938 732 4016 Sclauonie,
759 3955 881 4020 aparte
905 3940 1065 4018 orientali,
1090 3953 1120 4000 et
1139 3940 1220 4001 inter
1244 3940 1392 4001 similiter
1416 3955 1531 4002 terram

270 4045 424 4106 arabilem
451 4045 569 4106 nobilis
594 4045 652 4105 viri
679 4045 834 4106 lobannis
868 4046 1005 4107 Pastoris
1036 4047 1172 4108 senioris
1195 4045 1311 4127 judicis
1336 4061 1367 4108 et
1391 4048 1533 4108 concivis

271 4152 383 4228 nostri,
408 4170 425 4210 a
451 4167 537 4231 parte
562 4151 817 4232 septemtrionali
843 4172 878 4213 ac
903 4172 919 4213 a
954 4153 1157 4214 meridionali
1191 4167 1222 4214 et
1246 4153 1436 4214 occidentali
1463 4173 1531 4233 par·

270 4259 356 4319 tibus
382 4257 463 4318 inter
488 4274 585 4319 terras
610 4273 640 4318 et
665 4256 774 4318 fenilia
798 4258 965 4338 prudentis
988 4273 1018 4320 et
1041 4259 1263 4340 circumspecti
1283 4259 1339 4319 viri
1367 4258 1534 4320 Michaelis

272 4363 482 4445 Opprasnych
509 4364 595 4441 dicti,
621 4365 767 4425 moderni
786 4363 900 4442 judicis
925 4379 955 4425 et
972 4364 1114 4425 concivis
1137 4365 1249 4442 nostri,
1274 4365 1398 4427 habitas
1423 4381 1451 4425 et
1470 4367 1533 4426 exi·

270 4484 399 4547 stentcs,
424 4471 519 4530 simul
545 4490 617 4531 curn
643 4471 794 4531 omnibus
819 4470 941 4532 eisdem
959 4470 1084 4532 duabus
1109 4469 1203 4532 dietis
1227 4485 1308 4532 terre
1334 4472 1535 4548 utilitatibus,

271 4574 404 4655 juribus,
430 4576 550 4653 usibus,
584 4576 831 4657 integritatibus,
864 4573 1139 4639 fructuositatibus
1170 4589 1202 4639 et
1232 4578 1440 4661 pertinenciis
1465 4579 1534 4639 uni·

271 4682 370 4744 versis
393 4681 517 4765 prefato
542 4683 692 4744 Micbaeli
718 4681 931 4766 Opprasnych
955 4696 990 4746 ut
1006 4679 1164 4766 prefertur
1197 4685 1356 4746 moderno
1380 4685 1479 4762 judici
1505 4701 1535 4747 et

271 4789 397 4854 concivi
429 4803 539 4853 nostro
570 4808 606 4852 ac
638 4808 695 4872 per
726 4808 801 4852 eum
832 4790 900 4854 suis
927 4787 1103 4855 heredibus
1132 4808 1192 4875 pro
1224 4789 1287 4855 alie
1311 4805 1394 4853 terra
1418 4791 1532 4868 arabili
