3428 5256
766 357 966 434 Arno1473·
1463 377 1497 436 15

237 569 367 651 insuper
382 567 523 650 prelatus
539 567 635 630 irater
654 571 829 632 Ewstacius
846 590 881 631 ac
906 572 1053 652 obligans
1070 592 1103 633 se
1128 587 1158 632 et
1182 572 1263 633 alios
1288 592 1369 653 quos
1390 592 1498 654 supra,

236 674 324 754 quod
349 674 374 734 si
399 689 582 756 temporum
601 675 632 736 in
658 695 808 757 processu
826 677 929 758 ipsum
947 677 1126 739 iohannem
1152 677 1306 759 gurthler,
1332 679 1497 760 ipsiusque

236 780 369 842 heredes
381 800 417 842 ae
441 799 639 842 successores
664 801 719 863 per
736 783 917 864 superiores
934 783 1076 845 eiusdem
1095 784 1222 845 claustri
1241 799 1270 845 et
1294 784 1375 846 alios
1399 805 1494 866 quos·

236 886 321 968 piam
349 887 476 948 racione
500 886 677 948 solucionis
701 887 814 970 prelati
844 890 939 950 unius
967 889 1036 951 flor.
1062 891 1128 951 auri
1156 891 1313 952 censualis
1341 892 1496 971 impedire

235 1011 369 1072 quoquo
387 993 485 1053 modo
503 993 683 1073 contigerit,
708 994 797 1075 quod
812 1009 888 1056 tunc
902 994 1041 1077 prefatus
1060 995 1155 1058 frater
1181 995 1355 1057 Ewstacius
1382 1015 1441 1057 suo
1466 1012 1496 1057 et

235 1099 381 1160 omnium
398 1119 616 1161 successorum
642 1098 773 1161 fratrum
792 1102 935 1183 priorum
960 1114 991 1163 et
1008 1103 1338 1163 conventuseiusdem
1364 1102 1491 1163 claustri

235 1226 268 1266 se
292 1221 324 1267 et
346 1225 422 1267 suos
446 1226 645 1267 successores
677 1207 851 1288 obligasset
875 1221 904 1269 et
936 1207 1096 1288 obligatos
1128 1206 1195 1269 lore
1220 1209 1432 1270 commisisset
1456 1209 1495 1269 ad

235 1311 473 1375 defendendum
500 1328 530 1373 et
555 1313 788 1395 protegendum
807 1313 946 1377 eundem
965 1314 1143 1375 Johannem
1161 1314 1315 1394 gurthler,
1333 1316 1497 1396 ipsiusque

235 1419 367 1482 heredes
391 1434 422 1482 et
445 1439 645 1481 successores
669 1421 837 1481 universos
860 1421 926 1481 suis
950 1421 1088 1502 propriis
1112 1436 1142 1482 et
1167 1440 1307 1502 quorum
1331 1441 1425 1503 supra
1453 1426 1496 1483 la·

234 1526 330 1606 tigiis,
354 1527 520 1587 laboribus
545 1542 574 1587 et
599 1526 756 1607 expensis,
780 1526 819 1586 ad
852 1526 940 1607 quod
972 1545 1004 1586 se
1031 1523 1171 1607 prelatus
1204 1523 1298 1587 frater
1324 1527 1499 1587 Etvstacius

234 1651 289 1691 sua
315 1646 345 1692 et
370 1624 507 1713 q'uorum
534 1651 629 1714 supra
665 1632 851 1693 nominibus
882 1647 1057 1714 spontanea
1091 1651 1198 1692 coram
1224 1633 1317 1693 nobis
1341 1633 1496 1713 obligavit

240 1736 417 1798 voluntate.
443 1738 474 1798 ln
501 1739 591 1799 cuius
616 1739 659 1798 rei
686 1753 743 1800 etc.
771 1738 886 1799 Datum
911 1737 989 1799 leria
1003 1738 1098 1798 tercia
1120 1739 1263 1817 proxima
1289 1753 1359 1820 post
1383 1738 1496 1799 festum

235 1843 317 1903 beati
334 1843 470 1904 Emerici
494 1844 593 1904 ducis.
620 1849 716 1905 Anno
741 1857 800 1907 etc.
818 1843 1039 1924 sexagesimo?
1056 1843 1317 1925 (septuagesimo)
1341 1845 1496 1906 secunde.

340 1948 437 2021 Quod
463 1950 538 2030 quia
565 1969 622 2010 nos
654 1963 719 2012 tota
752 1950 967 2010 communitas
998 1950 1080 2010 dicte
1114 1949 1251 2011 civitatis
1282 1970 1411 2012 censum
1437 1970 1494 2010 seu

233 2069 423 2134 proventum
450 2054 489 2114 de
515 2056 654 2135 quadam
682 2056 774 2116 vinea
799 2055 1014 2116 condicionali
1042 2055 1072 2115 in
1090 2057 1251 2117 territorio
1277 2071 1396 2133 nostr0,
1415 2058 1496 2117 inter

232 2160 379 2220 similiter
403 2160 513 2221 vineas
544 2161 785 2223 condicionales
816 2163 856 2222 ab
889 2181 971 2238 una,
1004 2160 1154 2223 videlicet
1185 2161 1450 2243 septemtrionali,
1477 2183 1493 2222 a

232 2280 320 2346 parte
354 2265 517 2328 Benedicti
551 2267 668 2327 sutoris
693 2267 821 2328 Gerdak
854 2267 1091 2347 cognominati,
1124 2268 1264 2328 concivis
1295 2269 1406 2346 nostri,
1439 2288 1495 2349 per

233 2384 334 2432 metas
358 2371 495 2432 duarum
519 2374 670 2432 arborum
690 2373 789 2432 cerusi
816 2388 846 2433 et
868 2373 996 2450 merusi,
1014 2393 1049 2433 ac
1074 2373 1155 2434 inter
1180 2374 1341 2453 quandam
1367 2375 1493 2435 vineam

232 2477 389 2538 desertam
413 2477 672 2539 condicionalem
698 2478 835 2539 condam
854 2478 1002 2560 Gregorii
1021 2480 1161 2560 agricole
1186 2500 1203 2540 a
1229 2493 1316 2561 parte
1342 2481 1495 2541 meridio-

232 2583 296 2643 nali
322 2583 426 2661 sitam,
451 2583 593 2645 habitam
622 2600 652 2645 et
684 2586 882 2663 existentem,
915 2585 1051 2667 desuper
1082 2606 1099 2646 a
1126 2586 1175 2646 via
1207 2587 1383 2662 communi,
1410 2585 1491 2647 infra

232 2708 333 2770 usque
359 2690 498 2751 rivulum
524 2709 596 2751 cum
622 2690 761 2770 virgulto
786 2691 891 2753 eidem
921 2691 1097 2753 subiacenti
1126 2712 1158 2753 se
1184 2691 1421 2769 extendentem,
1438 2711 1495 2774 per

231 2795 403 2876 providum
429 2797 533 2856 virum
559 2795 722 2857 Thomam
753 2795 946 2879 freniparem
977 2799 1136 2859 seniorem
1168 2797 1308 2878 judicem
1334 2813 1364 2860 et
1389 2799 1494 2859 conci-

229 2921 301 2962 vem
328 2916 472 2964 nostrum
498 2901 599 2964 lilium
626 2902 765 2981 Andree,
783 2903 952 2964 dominum
983 2918 1014 2964 et
1030 2905 1179 2965 maritum
1205 2905 1337 2986 provide
1363 2905 1495 2966 domine

231 3009 369 3071 Barbara
395 3024 506 3071 vocate
531 3008 595 3071 filie
614 3010 751 3071 condam
771 3011 938 3071 Michaelis
963 3009 1018 3071 filii
1042 3011 1233 3089 Sebastiam,
1258 3012 1400 3074 relictam
1419 3033 1495 3074 vero

229 3114 368 3177 condam
395 3116 559 3177 Benedicti
585 3116 750 3193 aurifabri,
782 3117 861 3177 alias
892 3115 985 3195 jurati
1011 3129 1042 3179 et
1074 3117 1213 3178 concivis
1246 3118 1357 3196 nostri,
1382 3119 1494 3179 vendi·

228 3235 307 3299 tam,
332 3221 399 3300 jure
426 3236 581 3304 perpetuo
605 3222 777 3283 tenendam
796 3222 913 3304 pariter
934 3236 965 3285 et
982 3222 1174 3300 habendam,
1198 3243 1396 3305 censumque
1413 3225 1490 3285 sexti

228 3328 349 3405 eubuli,
374 3329 429 3408 qui
444 3328 484 3388 de
508 3327 621 3390 eadem
640 3329 731 3390 vinea
756 3330 976 3411 proveniebat,
996 3329 1144 3391 Emerico
1163 3330 1384 3414 Sydowchych
1403 3331 1489 3392 dicto

227 3431 296 3495 tilio
321 3433 448 3496 Nicolai
485 3454 520 3496 ac
542 3454 599 3516 per
623 3455 695 3495 eum
722 3437 787 3496 suis
819 3435 991 3497 heredibus
1015 3436 1053 3496 de
1087 3455 1184 3497 censu
1208 3456 1317 3497 annuo
1341 3438 1490 3499 videlicet

226 3540 438 3621 quadraginta
458 3540 607 3602 denarios
624 3555 869 3618 commutantes,
887 3543 1089 3622 eandemque
1106 3543 1232 3602 vineam
1251 3541 1374 3622 prelato
1394 3543 1484 3603 Eme·

228 3646 293 3707 rico
307 3661 338 3708 et
351 3646 417 3707 suis
441 3646 612 3708 heredibus
629 3648 799 3709 statuimus
815 3661 846 3708 et
863 3647 1142 3722 confirmavimus;
1166 3649 1217 3709 cui
1232 3648 1304 3709 data
1329 3663 1375 3709 est
1400 3648 1490 3709 litera

229 3764 335 3814 nostre
360 3753 601 3814 communitatis
626 3754 845 3835 privilegialis.

332 3857 429 3932 Quod
454 3859 529 3939 quia
556 3879 613 3920 nos
638 3861 668 3920 in
694 3874 886 3921 testamento
911 3861 989 3921 olim
1007 3860 1132 3940 providi
1158 3860 1216 3919 viri
1244 3861 1385 3937 Martini,
1411 3860 1491 3921 olim

228 3962 343 4042 judicis
367 3979 397 4026 et
415 3966 556 4026 concivis
574 3967 685 4042 nostri,
704 3966 784 4027 inter
801 3967 862 4027 alia
876 3967 1017 4027 seriatim
1036 3966 1217 4048 conscripta
1234 3967 1373 4027 vidimus
1391 3968 1492 4029 conti-

227 4071 307 4148 neri,
332 4086 367 4132 ut
391 4073 467 4133 dum
495 4073 561 4153 ipse
588 4072 618 4133 in
645 4073 796 4133 extremis
831 4073 1017 4148 laborasset,
1051 4072 1214 4154 quandam
1240 4072 1374 4133 domum
1399 4093 1489 4134 suam

228 4176 259 4237 in
285 4176 368 4238 dicta
394 4178 520 4239 civitate
548 4179 578 4238 in
605 4178 708 4259 platea
734 4176 918 4239 carnificum
945 4179 975 4239 in
1001 4179 1161 4239 vicinitate
1187 4177 1303 4238 domus
1327 4178 1490 4240 Valentini

227 4281 367 4363 agricole
386 4283 603 4368 Ztoykotvych
618 4283 693 4345 dicti
711 4284 858 4345 similiter
875 4285 1017 4345 concivis
1046 4285 1142 4345 nostri
1168 4299 1199 4345 et
1216 4283 1295 4345 duas
1319 4284 1386 4344 vias
1402 4304 1489 4346 com·

231 4408 346 4450 munes
371 4389 511 4451 habitam
537 4405 568 4451 et
600 4391 798 4467 existentem,
831 4391 889 4451 tria
922 4390 1078 4471 quartalia
1111 4391 1197 4451 curie
1222 4390 1262 4452 ad
1287 4410 1379 4452 usum
1405 4392 1489 4453 dicte

228 4494 367 4557 civitatis
392 4494 422 4556 in
448 4516 481 4557 se
506 4497 736 4574 continentem,
761 4496 898 4577 provido
922 4510 953 4557 et
970 4496 1104 4557 honesto
1130 4496 1199 4556 viro
1222 4496 1351 4557 Thome
1376 4499 1488 4558 sartori

231 4599 376 4663 Bradatch
395 4601 492 4679 dicto,
517 4601 721 4664 inhabitatori
737 4603 822 4664 dicte
846 4602 993 4679 civitatis,
1019 4622 1104 4664 novo
1121 4602 1245 4663 concivi
1271 4617 1392 4680 nostro,
1416 4621 1488 4684 pro·

222 4704 311 4770 ximo
334 4722 366 4769 et
389 4709 630 4790 consanguineo
654 4727 712 4769 suo
737 4706 805 4770 lilio
831 4708 988 4771 Francisci
1015 4708 1244 4791 Mezchethych
1275 4707 1350 4770 dicti
1376 4723 1407 4769 et
1431 4728 1488 4790 per

224 4830 301 4875 eum
326 4812 393 4876 suis
416 4813 590 4876 heredibus
613 4814 783 4895 legavisset
814 4827 846 4877 et
876 4813 1048 4877 dimisisset
1080 4828 1237 4897 perpetuo
1261 4815 1489 4896 possidendam
