3428 5256
861 1313 924 1391 tv.

256 1563 468 1625 Inueniare‘um
500 1565 675 1624 cathedralis
705 1567 815 1624 ecclesie
853 1565 1055 1640 sagrabienss's
1088 1568 1286 1640 consignatum
1317 1586 1396 1624 anno
1426 1580 1521 1642 1502.

256 1793 362 1869 Feria
390 1803 495 1870 sexta
523 1795 686 1894 proxima
713 1804 799 1893 post
828 1794 961 1870 festum
980 1795 1168 1869 beatorum
1188 1792 1264 1869 Viti
1294 1804 1331 1870 et
1359 1793 1519 1872 Modesti

256 1917 452 1993 martirum.
479 1916 557 1993 Nos
586 1917 753 1993 Matheus
787 1919 831 1993 de
871 1916 1109 2017 Zenghergh‚
1148 1915 1272 1993 Gallus
1302 1919 1346 1993 de
1374 1917 1519 2013 Mihald,

255 2041 474 2118 Benedictus
504 2043 548 2118 de
577 2042 806 2143 Petrowyna,
835 2050 874 2117 et
893 2041 1053 2117 Briccius
1082 2041 1127 2116 de
1153 2040 1325 2143 Iwanych,
1355 2044 1524 2121 canonici·

255 2166 408 2242 ecclesie
437 2168 695 2267 zagrabiensis‚
724 2191 789 2266 per
818 2164 1021 2266 Capitulum
1059 2165 1104 2241 ad
1133 2168 1393 2265 congreganda
1420 2169 1518 2245 bona

256 2299 294 2366 et
322 2313 380 2365 res
410 2290 564 2365 ecclesie
593 2290 765 2388 deputati,
784 2290 950 2365 volentes
971 2311 1028 2363 res
1048 2289 1147 2387 ipsas
1162 2287 1265 2386 juxta
1292 2289 1515 2367 voluntatem

255 2414 387 2491 domini
424 2415 538 2489 nostri
582 2414 744 2513 episcopi
787 2420 1018 2512 comportare
1062 2420 1100 2487 et
1146 2413 1248 2488 simul
1285 2436 1517 2514 congregare

256 2538 402 2614 easdem
443 2545 482 2612 et
519 2537 646 2613 eadem
684 2561 749 2637 pro
791 2537 946 2612 tuiciori'
975 2539 1256 2614 conservacione
1286 2539 1517 2638 deposuimus

694 2661 803 2736 modo
832 2660 1076 2759 infrascripto

360 2907 437 2968 ltem
463 2908 495 2968 in
519 2908 630 2990 primis
654 2907 694 2968 ad
719 2927 815 2969 unam
842 2907 952 2968 cistam
986 2905 1136 2967 videlicet
1160 2905 1320 2988 depictam
1345 2911 1514 2990 posuimus

254 3013 404 3076 scutellas
429 3028 595 3095 argenteas
619 3013 797 3075 confractas
821 3014 853 3074 in
878 3032 1014 3073 numero
1031 3013 1144 3092 viginti
1171 3033 1267 3074 unam
1293 3015 1458 3077 scutellam
1485 3031 1516 3079 et

254 3121 313 3183 tria
337 3120 467 3181 salsaria
493 3133 523 3181 et
547 3119 684 3201 desuper
708 3139 808 3181 unum
833 3119 1029 3200 thapecium.

361 3242 437 3305 ltem
464 3244 601 3325 desuper
625 3244 664 3305 ad
690 3244 825 3305 eandem
850 3244 960 3304 cistam
989 3243 1156 3324 posuimus
1180 3262 1278 3304 unam
1303 3264 1452 3326 mappam
1469 3246 1514 3308 al·

253 3350 329 3412 taris
355 3350 395 3411 de
420 3370 558 3432 purpure
584 3350 686 3411 electo
712 3350 865 3411 deaurato
899 3350 988 3410 rubei
1014 3349 1142 3425 coloris,
1176 3369 1248 3410 cum
1274 3349 1401 3412 duobus
1425 3326 1513 3412 m'en·

253 3458 373 3519 salibus
396 3477 474 3518 auro
498 3455 613 3518 themis
636 3456 675 3518 ad
701 3456 835 3517 eandem
861 3476 1010 3538 mappam
1036 3456 1277 3538 pertinentibus.

360 3563 436 3624 Item
461 3583 562 3624 unum
588 3564 717 3626 auleum
751 3564 898 3624 similiter
921 3583 1118 3644 purpureum
1152 3577 1309 3643 auratum,
1334 3565 1372 3626 dc
1398 3565 1514 3627 eodem

255 3670 373 3749 colore,
397 3669 437 3730 ad
462 3671 645 3752 sepulcrum
671 3670 802 3731 Domini
827 3670 1001 3752 pertinens,
1029 3689 1150 3731 novum
1175 3684 1205 3730 et
1229 3690 1392 3751 magnum.

360 3775 437 3838 ltem
462 3777 527 3838 duo
552 3777 622 3837 vela
647 3796 705 3858 pro
730 3774 898 3838 festivitate
922 3789 1029 3837 sancte
1046 3775 1170 3854 Crucis,
1194 3778 1371 3857 composita
1397 3777 1435 3838 de
1460 3799 1513 3840 ve·

253 3884 322 3944 luto
347 3884 460 3961 electo,
486 3903 580 3960 nova,
605 3902 705 3944 unum
730 3884 821 3944 rubei
847 3897 877 3944 et
901 3882 1061 3964 reliquum
1086 3882 1168 3964 nigri
1194 3883 1321 3944 coloris.

359 4008 436 4069 ltem
462 4009 501 4069 ad
527 4007 662 4069 eandem
687 4007 796 4069 cistam
819 4009 987 4090 posuimus
1011 4008 1069 4069 tria
1095 4021 1201 4068 cantra
1226 4020 1374 4087 argentea
1400 4008 1440 4068 ad
1464 4029 1512 4071 sa·

253 4134 341 4176 crum
367 4115 479 4176 crisma
497 4129 680 4196 comparata
697 4136 770 4177 cum
788 4117 889 4177 tribus
906 4115 1072 4176 cocleariis
1089 4114 1172 4176 circa
1185 4113 1297 4175 eadem
1317 4116 1512 4177 necessariis.

358 4221 436 4282 Item
462 4241 560 4281 unum
586 4221 716 4300 siphum
741 4236 927 4301 argenteum
952 4240 1102 4283 eumuna
1126 4239 1221 4302 parva
1246 4221 1446 4300 campanella
1471 4224 1511 4283 si·

253 4328 372 4389 militer
396 4340 556 4407 argentea.

359 4432 435 4493 Item
461 4432 500 4493 ad
526 4432 662 4493 eandem
687 4432 795 4493 cistam
830 4433 997 4514 posuimus
1028 4430 1214 4513 quindecim
1246 4443 1378 4512 patenas
1402 4450 1512 4512 argen-

252 4550 319 4600 teas
339 4538 514 4600 deauratas.

359 4644 435 4706 ltem
461 4644 501 4705 ad
526 4643 660 4704 eandem
679 4645 789 4707 cistam
808 4645 975 4728 posuimus
990 4659 1145 4727 quartuor
1160 4647 1284 4709 strictas
1308 4665 1381 4707 cum
1400 4664 1511 4708 earum

253 4750 334 4817 albis
357 4764 389 4813 et
413 4750 657 4836 (h)umeralibus
681 4751 721 4818 de
745 4752 853 4817 colore
876 4750 1071 4840 supradicto,
1092 4768 1204 4834 noras,
1227 4769 1412 4839 purpureas.
