3428 5256
827 1366 891 1447 vt.
959 1459 962 1468 ,

251 1580 455 1640 Inventarium
479 1601 552 1640 orae
575 1584 600 1643 b.
634 1583 726 1639 Pauli
756 1582 788 1642 in
808 1583 971 1641 cathedrali
999 1585 1108 1642 ecclesie
1130 1586 1249 1658 zagrob.
1274 1604 1352 1644 anno
1377 1601 1474 1665 1492.

130 1871 140 1885 ·
227 1773 361 1868 (Anno)
406 1775 515 1849 1492.
556 1771 720 1849 Sabbato
758 1782 843 1850 ante
885 1774 1098 1850 dominicam
1133 1775 1279 1852 Letare.
1319 1776 1401 1877 Ego
1427 1780 1493 1879 Jo-

226 1896 362 1972 hannes
391 1898 436 1971 de
466 1897 645 1987 Marocha,
684 1897 955 1973 archidiaconus
987 1897 1197 1975 Goricensis
1227 1908 1265 1976 et
1293 1903 1493 1979 canonicus

226 2022 381 2096 ecclesie
410 2021 670 2120 zagrabiensis
700 2045 929 2120 recognosco
964 2045 1029 2121 per
1065 2022 1130 2098 hec
1160 2045 1264 2098 ntanu
1294 2047 1375 2099 ntea
1404 2049 1491 2125 pro-

226 2145 303 2243 pria
333 2145 479 2243 scripta,
509 2167 564 2218 me
593 2143 726 2219 habere
756 2157 794 2219 et
823 2147 1031 2245 percepisse
1065 2145 1331 2246 infrascriptum
1362 2146 1488 2225 Inven-

227 2269 354 2342 tarium
384 2289 448 2342 are
477 2269 574 2342 beati
605 2267 715 2357 Pauli,
744 2291 849 2367 quant
877 2269 1102 2345 venerabiles
1131 2271 1264 2345 donnini
1293 2272 1490 2369 capitulum

227 2391 381 2465 ecclesie
410 2391 660 2489 zagrabiensis
691 2391 770 2465 milri
799 2393 970 2490 graciose
1000 2396 1352 2485 commendaverunt,
1381 2406 1494 2494 prout

226 2514 294 2589 hoc
324 2515 454 2590 clarius
495 2515 528 2588 in
565 2515 678 2590 literis
717 2516 912 2590 eorundetn
951 2516 1032 2590 rnihi
1076 2518 1262 2592 concessis
1300 2519 1495 2616 superinde

754 2638 970 2712 continetur.

333 2885 439 2945 Primo
464 2885 543 2945 calix
569 2903 641 2946 cum
668 2898 781 2964 patena
807 2898 836 2944 et
860 2885 1031 2966 corporali,
1058 2887 1171 2948 bonus.

331 2990 407 3051 ltern
434 2991 515 3052 libet
541 2990 677 3051 Missalis
702 2991 732 3050 in
760 3009 967 3071 pergameno,
993 3010 1095 3051 novus
1119 3006 1149 3052 et
1175 2994 1288 3055 bonus.

331 3097 409 3159 ltem
439 3096 500 3157 due
532 3096 661 3177 ampule
695 3111 836 3157 stannee.
873 3095 1014 3156 Ornatus
1046 3097 1085 3158 de
1118 3117 1259 3179 purpura
1292 3100 1388 3161 rubea
1413 3118 1487 3162 cum

225 3203 416 3265 attinenciis.

332 3310 407 3372 ltem
433 3329 549 3391 mappa
574 3310 681 3370 altaris
706 3310 777 3370 vilis
802 3329 874 3372 una.

329 3416 406 3477 Item
434 3436 496 3476 una
522 3417 613 3488 vinea
640 3417 789 3477 Baboucz
814 3430 936 3492 vocata,
972 3418 1055 3477 bona
1081 3431 1110 3476 et
1135 3417 1217 3477 bene
1242 3417 1337 3478 culta.

331 3522 407 3583 ltem
434 3522 578 3604 quinque
604 3542 677 3582 vasa
703 3542 813 3583 vacua.
840 3522 940 3583 Dolea
965 3523 1121 3604 quinque.
1146 3522 1304 3585 Torcular
1329 3541 1401 3584 cum
1418 3523 1489 3584 atti-

224 3631 354 3692 nenciis.
382 3629 490 3692 Unum
515 3628 644 3690 ductile.

329 3737 407 3798 Item
433 3737 464 3796 in
491 3737 581 3796 Nova
607 3736 683 3796 villa
705 3735 770 3796 duo
788 3735 915 3810 civilia;
941 3754 1040 3796 unum
1065 3733 1162 3797 fenile
1188 3736 1219 3796 in
1245 3737 1407 3799 territorio
1425 3736 1486 3797 vici

224 3843 411 3904 Latinorum
437 3842 476 3903 ad
502 3858 574 3903 octo
593 3842 731 3923 plaustra
751 3840 827 3919 feni,
845 3860 943 3923 prope
970 3841 1067 3903 fenile
1086 3840 1217 3902 fratrum
1245 3842 1485 3905 predicatorum

222 3950 321 4010 sancti
347 3949 483 4010 Nicolai.

330 4055 406 4116 ltern
440 4075 501 4114 una
535 4055 637 4135 pelvis
672 4074 798 4135 cuprea.
833 4054 1022 4115 Mortarium
1055 4071 1229 4135 cupreum
1261 4072 1361 4114 unum
1387 4053 1486 4115 sedile

222 4181 277 4222 seu
302 4163 377 4223 cista
403 4162 498 4242 longa
522 4176 627 4237 vetus;
653 4162 728 4221 item
755 4181 816 4221 una
841 4161 907 4222 tina
933 4180 1028 4241 parva
1055 4177 1148 4221 nova.

328 4267 404 4329 ltem
430 4288 483 4328 sex
508 4269 639 4329 scutelle
664 4281 806 4344 stannee‚
831 4268 963 4348 antique
997 4279 1028 4328 ct
1052 4263 1150 4327 fracte
1184 4265 1322 4348 penitus,
1347 4285 1483 4347 quarum

222 4389 283 4434 tres
307 4387 380 4434 sunt
405 4375 552 4451 maiores,
578 4388 639 4434 tres
663 4394 738 4434 vero
763 4375 913 4435 minores.
939 4372 1087 4446 Quatuor
1103 4371 1222 4432 cantari
1248 4371 1371 4452 antiqui
1397 4385 1428 4432 et
1453 4372 1483 4431 in

220 4493 288 4542 toto
314 4477 479 4558 coolracti,
503 4480 578 4542 satis
603 4481 720 4561 magni.
747 4480 824 4541 ltem
852 4499 913 4542 una
937 4497 1047 4540 mensa
1070 4475 1144 4539 vilic
1167 4491 1198 4539 et
1222 4479 1364 4559 antiqua.

328 4585 404 4646 ltem
431 4605 531 4647 unum
558 4587 786 4648 candelabrum
813 4604 978 4669 cupreum,
1002 4582 1077 4645 vile.

328 4692 404 4753 ltem
443 4711 542 4753 unum
579 4692 687 4754 caldar
730 4693 923 4775 antiquum,
958 4688 1087 4773 penitua
1127 4684 1263 4750 fractum
1298 4700 1329 4750 et
1364 4685 1485 4748 nullius

224 4799 378 4861 utilitatis.
