3428 5256
719 341 900 402 Invmtan'a.
1385 359 1437 421 r3r

174 550 386 633 Sequitur
418 550 711 613 inventarium
743 550 791 612 de
823 549 951 612 libris
983 546 1238 611 officiorum
1270 550 1361 611 sive
1394 549 1443 610 ad

476 655 676 719 officium
709 656 902 718 divinum
927 654 1157 738 deputatis.

284 815 392 879 Primo
417 817 498 878 liber
522 815 810 900 Anthiphonarius,
832 835 954 893 novus3
979 815 1092 897 incipit
1116 816 1148 876 in
1174 815 1278 896 primo
1304 813 1382 877 folio
1409 816 1440 876 in

178 922 298 985 thono:
327 923 464 985 »Beatus
488 925 568 1002 vir«,
591 937 623 985 et
645 924 677 985 in
702 922 765 985 fine
782 923 927 985 eiusdem
951 920 1038 984 lolii:
1066 921 1261 996 »laudabo«,
1286 934 1317 983 et
1342 922 1373 983 in
1392 921 1440 982 ul-

174 1028 254 1090 timo
279 1026 358 1091 folio
383 1030 456 1091 libri
480 1029 568 1092 finit:
596 1030 689 1092 »Deo
712 1030 846 1110 gracias.
877 1027 1051 1107 Alleluia«

282 1152 361 1214 ltem
392 1154 474 1215 liber
505 1153 805 1236 Anthiphonarius,
839 1152 1007 1234 antiquus;
1041 1152 1096 1234 qui
1129 1151 1241 1232 incipit
1272 1151 1303 1211 in
1337 1149 1442 1231 primo

181 1257 277 1320 folio:
307 1259 474 1338 »Venite«,
499 1279 571 1321 cum
599 1274 685 1338 nota,
710 1273 741 1322 et
765 1259 796 1321 in
822 1257 884 1320 fine
917 1258 1020 1340 prime
1053 1257 1170 1339 pagine
1194 1256 1327 1318 secundi
1353 1255 1442 1317 lolii:

181 1363 314 1427 »Gloria
337 1366 450 1447 patri«.

284 1471 361 1533 Item
388 1491 487 1533 unum
514 1472 602 1533 aliud
636 1471 920 1552 Antiphonarium,
951 1469 1058 1548 magni
1092 1469 1277 1546 voluminis,
1310 1468 1440 1550 incipit:

183 1585 229 1641 »A
253 1579 367 1640 diebus
391 1579 564 1660 antiquis«,
588 1597 661 1639 cum
686 1577 778 1638 litera
797 1581 864 1637 ›A‹
890 1575 930 1636 de
949 1574 1083 1652 lazorio,
1107 1594 1235 1655 magna,
1260 1588 1291 1636 et
1314 1573 1384 1636 finit
1409 1574 1441 1635 in

179 1687 241 1750 fine
266 1686 368 1768 prime
392 1687 509 1767 pagine
526 1684 659 1747 secundi
684 1682 772 1746 folii:
801 1704 858 1745 »ex
881 1696 912 1744 te
942 1695 1121 1759 nascetur«,
1147 1697 1177 1743 et
1201 1682 1302 1743 eciam
1329 1678 1444 1742 influe

179 1793 300 1855 habens
324 1810 500 1875 ympnum:
527 1792 633 1855 »Urbs
657 1792 780 1852 beata«

287 1898 364 1960 ltem
389 1899 477 1959 aliud
495 1897 767 1978 Antiphonarium
794 1897 894 1957 eciam
914 1895 1042 1976 incipit:
1076 1900 1121 1956 »A
1139 1895 1254 1956 diebus
1270 1894 1444 1976 antiquis«,

180 2018 211 2068 et
235 2005 267 2066 in
292 2003 355 2066 fine
379 2004 482 2086 prime
506 2004 623 2086 pagine
643 2003 776 2065 secundi
806 2000 874 2064 folii
901 2001 986 2063 finit:
1015 2021 1141 2078 »ecce«,
1167 2015 1197 2062 et
1222 2001 1253 2062 in
1278 2000 1341 2063 fine
1366 2000 1440 2061 libri

181 2124 227 2173 est
252 2111 382 2192 impnus
405 2110 570 2171 similiter:
600 2109 703 2172 »Urbs
727 2110 851 2171 beata«.

208 2222 211 2232 ‘
288 2216 365 2279 ltem
390 2236 490 2279 unum
509 2216 597 2278 aliud
621 2215 905 2298 Antiphonariurn,
938 2215 1026 2296 quod
1044 2215 1171 2295 incipit:
1200 2213 1371 2276 »Custodit
1388 2213 1445 2275 do·

181 2324 321 2402 minus«,
346 2338 377 2386 et
402 2326 432 2385 in
459 2323 521 2386 fine
543 2324 645 2405 prime
663 2323 779 2403 pagine
797 2322 929 2383 secundi
959 2319 1026 2382 folii
1053 2319 1139 2382 finit:
1162 2320 1349 2381 »annuciate
1364 2319 1444 2381 illud

182 2433 214 2493 in
239 2430 390 2507 finibus«,
416 2446 445 2492 et
469 2429 555 2491 finit:
578 2449 691 2491 »omne
716 2449 773 2511 per
797 2448 927 2504 evum«,
944 2426 1065 2488 habens
1089 2426 1121 2487 in
1146 2425 1208 2488 fine
1234 2438 1318 2487 certa
1342 2445 1442 2507 quan·

181 2539 243 2600 tica
268 2537 389 2600 scilicet
414 2551 499 2599 nota.

290 2645 366 2706 Item
393 2664 492 2705 unum
519 2643 693 2720 Graduale,
718 2660 851 2719 novum,
887 2641 975 2723 quod
1009 2640 1137 2721 incipit:
1168 2640 1287 2700 »Multe
1312 2639 1444 2700 tribula·

182 2753 326 2830 ciones«,
351 2766 381 2812 et
406 2753 437 2812 in
463 2750 525 2813 fine
543 2751 644 2832 prime
663 2749 777 2830 pagine
795 2748 927 2809 secundi
950 2745 1019 2808 folii
1037 2745 1123 2808 finit:
1145 2745 1301 2806 »salutare
1318 2760 1443 2823 tuum«,

184 2872 214 2920 et
238 2860 270 2921 in
296 2858 358 2919 fine
383 2857 456 2918 libri
481 2856 566 2918 finit:
596 2857 786 2917 ›Jordane«.

290 2985 366 3046 ltenr
392 2982 569 3044 secundum
596 2981 759 3043 Graduale
785 2980 914 3060 incipit:
942 2978 1078 3038 »Missus
1095 2991 1173 3052 est«,
1198 2989 1228 3036 et
1253 2976 1284 3036 in
1309 2975 1372 3038 fine
1397 2996 1444 3037 se-

183 3091 280 3152 cundi
306 3088 375 3151 lolii
401 3088 488 3150 finit:
518 3107 636 3169 »prope
661 3101 747 3161 est«;
765 3099 797 3148 et
819 3087 849 3145 in
867 3083 929 3145 fine
947 3084 1019 3144 libri
1038 3082 1132 3144 habet
1149 3083 1273 3163 aliquas
1298 3082 1442 3162 Sequen-

105 3220 110 3229 ·
183 3197 248 3257 cias
271 3196 397 3257 additas
421 3195 461 3254 de
485 3194 599 3254 diebus
625 3193 813 3268 Dominicis,
842 3205 873 3252 et
896 3190 936 3251 de
953 3203 1063 3250 sancto
1089 3187 1239 3249 Ladislao
1262 3200 1294 3248 et
1317 3188 1356 3249 de
1382 3188 1445 3248 Na-

187 3301 308 3362 tivitate
333 3303 424 3362 beate
450 3300 592 3380 virginis.

291 3407 368 3469 item
394 3407 481 3466 aliud
508 3405 681 3479 Graduale,
707 3404 795 3485 quod
821 3403 932 3483 incipit
960 3400 1125 3462 similiter:
1155 3401 1290 3461 »Missus
1313 3416 1392 3476 est«,
1416 3413 1447 3462 et

186 3515 218 3575 in
243 3513 304 3575 fine
330 3514 432 3595 prime
456 3513 573 3594 pagine
596 3510 727 3572 secundi
753 3508 822 3570 folii
848 3508 934 3569 finit:
963 3506 1155 3586 »Alleluia«,
1181 3507 1302 3567 habens
1327 3508 1358 3567 in
1384 3505 1445 3568 fine

185 3621 256 3682 libri
285 3619 498 3700 Sequenciam
525 3617 564 3678 de
588 3631 698 3677 sancto
726 3616 873 3677 Emerico
896 3615 987 3677 duce.

292 3726 369 3787 ltem
395 3724 483 3785 aliud
508 3722 671 3784 Graduale
697 3724 728 3784 in
762 3742 857 3803 parva
876 3720 1000 3797 ¹fornia,
1033 3720 1121 3802 quod
1156 3720 1283 3801 incipit:
1312 3720 1443 3782 »Gloria

185 3833 299 3914 patri«,
325 3844 355 3892 et
380 3831 411 3891 in
436 3829 499 3890 fine
524 3829 655 3890 secundi
681 3826 748 3889 lolii
768 3827 854 3890 finit:
884 3828 1004 3908 »placet
1030 3826 1154 3901 nobis«,
1175 3840 1205 3887 et
1231 3826 1260 3885 in
1287 3825 1348 3887 fine
1373 3825 1445 3886 libri

186 3937 226 3999 de
250 3937 362 3999 eadem
388 3937 477 3997 litera
495 3934 581 3997 finit:
610 3935 789 3997 »Conditor
807 3934 955 4010 mundi«,
979 3947 1009 3993 et
1026 3932 1286 4014 superadditum:
1316 3931 1447 3993 »Gloria

187 4046 218 4106 in
243 4044 385 4122 excelsis,
411 4043 518 4105 Credo
543 4058 573 4104 et
598 4043 766 4118 Sanctus«,
791 4041 830 4102 de
854 4041 916 4101 alia
941 4058 1053 4101 manu.

292 4168 370 4230 ltem
395 4187 495 4229 unum
521 4168 608 4228 aliud
633 4167 804 4248 antiquum
830 4163 1003 4239 Graduale,
1035 4162 1123 4244 quod
1148 4162 1180 4222 in
1205 4163 1306 4243 prima
1332 4163 1447 4244 pagina

187 4273 276 4335 tercii
302 4271 370 4335 folii
396 4273 427 4334 in
453 4273 563 4335 medio
588 4273 717 4354 incipit:
746 4273 815 4333 »Ad
840 4286 869 4332 te
904 4270 1042 4345 levavi«,
1066 4283 1096 4328 et
1121 4269 1152 4329 in
1178 4266 1240 4329 fine
1266 4270 1369 4351 prime
1394 4290 1447 4352 pa·

186 4381 261 4460 gine
286 4379 390 4441 ultimi
417 4377 484 4440 folii
510 4378 596 4441 finit:
626 4379 786 4461 »Judayca
812 4379 931 4457 virgo.«

294 4484 372 4547 ltem
397 4485 560 4547 Graduale
584 4485 673 4567 parvi
700 4484 873 4546 voluminis
893 4483 1061 4543 continens
1086 4480 1192 4540 inse:
1231 4480 1390 4561 Epistolas
1416 4497 1448 4542 et

189 4591 386 4672 Evangelia,
411 4605 536 4653 notatas
560 4610 632 4652 eum
657 4591 812 4672 scriptura
838 4589 972 4650 minuta.

295 4697 373 4761 ltem
406 4717 506 4761 unum
539 4697 730 4759 Leccionsle
762 4696 870 4776 magni
908 4694 1094 4773 voluminis,
1125 4693 1213 4776 quod
1245 4692 1375 4776 incipit:
1401 4714 1404 4724 ·
1427 4695 1440 4716 ⁴

189 4803 304 4868 diebus
327 4804 501 4888 antiquis«,
525 4817 556 4865 et
579 4804 611 4865 in
636 4803 699 4866 fine
722 4802 826 4885 prime
846 4801 964 4884 pagine
987 4800 1119 4864 secundi
1144 4798 1215 4862 lolii
1238 4796 1327 4863 finit:
