3428 5256
767 350 854 408 Anno
877 359 966 429 1477.
1456 375 1473 436 3
1480 375 1496 434 5

234 574 352 623 rectam
378 574 409 621 et
431 560 581 642 equalem
607 560 811 623 medietatem
837 562 1091 643 supradictarum
1113 564 1351 645 possessionum
1375 565 1498 629 scilicet

232 682 309 749 puta
345 666 517 729 domorum
551 667 632 728 inter
664 666 779 728 domos
814 680 845 728 et
876 666 994 729 fundos
1027 669 1117 730 Pauli
1155 668 1319 748 aurifabri,
1353 691 1372 732 a
1407 685 1496 754 parte

232 773 382 834 orientali
406 785 438 833 et
462 772 544 835 inter
561 772 696 833 domum
713 773 988 836 communitatisa
1012 787 1101 856 parte
1126 775 1342 855 meridionali,
1367 796 1492 840 necnon

231 897 332 962 penes
355 879 440 940 viam
464 897 671 941 communem
694 899 713 940 a
736 894 824 961 parte
853 880 1045 942 occidentali
1070 895 1101 942 et
1125 882 1208 944 inter
1234 897 1399 965 apatecam
1423 905 1492 966 pre·

232 983 288 1046 lati
313 985 404 1047 Pauli
429 983 593 1062 aurifabri,
617 1005 635 1046 a
659 986 924 1067 septemtrionali,
949 1006 1022 1049 cum
1039 988 1147 1069 spacio
1172 1001 1255 1049 terre
1279 1009 1378 1051 vacue
1396 1011 1494 1073 penes

231 1110 361 1153 murum
385 1091 523 1153 civitatis
547 1104 578 1152 et
602 1110 700 1172 penes
730 1091 850 1154 solium
882 1092 995 1175 prefati
1025 1093 1116 1155 Pauli
1149 1093 1301 1157 aurifabri
1327 1110 1359 1157 et
1382 1097 1493 1159 Jacobi

231 1216 360 1279 sporar3
383 1217 419 1259 ac
445 1197 651 1258 medietatem
683 1198 850 1259 cuiusdam
885 1200 977 1260 vinee
1003 1199 1174 1282 Korythno
1207 1201 1293 1263 dicto
1327 1222 1425 1284 penes
1449 1204 1494 1264 vi·

231 1323 324 1365 neam
351 1304 504 1386 Stephani
531 1304 688 1365 institoris
704 1305 783 1365 alias
807 1305 912 1383 jurati,
929 1326 946 1366 a
964 1320 1052 1386 parte
1076 1307 1291 1385 meridionali,
1317 1323 1348 1370 et
1371 1324 1495 1392 aparte

229 1411 484 1495 septemtrionali
504 1411 629 1493 providi
655 1410 793 1472 condam
811 1410 959 1492 Gregorii
985 1412 1171 1492 Jaghichich
1195 1413 1283 1491 dicti,
1306 1415 1403 1477 simul
1420 1435 1493 1477 eum

230 1515 321 1579 lenili
346 1517 521 1601 subjacenti
552 1530 582 1577 et
613 1536 687 1578 cum
719 1517 822 1579 vineis
854 1518 997 1596 desertis,
1028 1519 1116 1580 silvis
1148 1532 1178 1580 et
1202 1520 1348 1601 virgultis
1372 1522 1493 1583 ibidem

229 1623 357 1702 habitis,
374 1625 518 1686 eiusdem
536 1625 628 1686 vinee
647 1625 807 1687 Korithno
825 1625 912 1686 dicto
929 1625 1048 1686 circum
1066 1640 1096 1687 et
1119 1627 1179 1687 sub
1203 1646 1239 1689 ac
1263 1626 1493 1707 adjacentibus.

228 1765 273 1776 -
296 1730 373 1792 ltem
406 1731 507 1792 eciam
540 1730 746 1793 medietatem
778 1731 944 1793 cuiusdam
976 1745 1059 1793 terre
1091 1732 1188 1794 simul
1220 1751 1293 1794 cum
1317 1733 1438 1812 (h)0rto
1462 1748 1494 1795 et

229 1835 382 1919 (h)orreo,
404 1850 469 1898 tres
492 1850 527 1898 ut
552 1836 668 1900 dicitur
692 1837 793 1898 dietas
823 1852 917 1915 terre,
949 1856 1088 1899 unacum
1120 1838 1293 1919 jobagione
1319 1839 1350 1899 in
1376 1839 1490 1902 eadem

228 1956 310 2004 terra
335 1943 459 2021 arabili,
483 1963 500 2004 a
525 1944 754 2024 septemtrione
778 1962 878 2024 prope
902 1943 1010 2004 locum
1029 1945 1240 2005 cremacionis
1264 1944 1492 2006 malefactrinis

228 2046 405 2130 vulgariter
436 2048 606 2110 Zredische
646 2049 768 2111 dictum
808 2069 844 2110 ac
877 2068 975 2130 penes
1007 2047 1160 2130 (h)ortum
1194 2051 1283 2111 Pauli
1319 2050 1400 2112 fabri
1427 2052 1492 2132 (de)

229 2156 463 2234 Jaztrebarzka,
489 2174 637 2216 necnon
663 2155 808 2236 undique
833 2155 1006 2216 intervias
1030 2175 1229 2218 communes.
1254 2193 1297 2202 -
1321 2156 1397 2219 ltem
1425 2178 1492 2219 me·

228 2261 380 2325 dietatem
405 2262 572 2324 cuiusdam
596 2275 677 2323 terre
711 2281 809 2344 penes
840 2275 956 2324 terram
989 2263 1088 2323 sancti
1124 2263 1252 2324 Martini
1277 2264 1309 2324 in
1335 2265 1491 2325 suburbio

227 2368 311 2430 dicte
336 2368 472 2431 civitatis
496 2367 639 2446 fundate,
658 2389 675 2429 a
694 2368 788 2450 plaga
807 2368 997 2430 occidentali
1016 2382 1046 2429 et
1063 2389 1161 2450 penes
1183 2383 1299 2431 terram
1326 2369 1492 2431 Michaelis

228 2474 354 2555 pridem
378 2474 483 2554 jurati,
515 2495 533 2537 a
565 2488 654 2556 parte
687 2474 903 2552 meridionali,
936 2494 1062 2536 necnon
1096 2475 1178 2536 inter
1210 2475 1289 2536 duas
1312 2476 1379 2536 vias
1404 2495 1491 2536 com-

230 2599 355 2658 munes,
379 2594 414 2643 ut
431 2580 548 2642 dicitur
572 2580 653 2643 duas
668 2581 769 2642 dietas
784 2594 877 2658 terre,
895 2580 1027 2642 demum
1044 2580 1144 2641 eciam
1163 2581 1369 2642 medietatem
1386 2582 1490 2642 cuius-

230 2685 303 2747 dam
328 2700 410 2747 terre
436 2706 534 2768 penes
558 2701 675 2748 terram
699 2686 867 2770 hospitalis
899 2687 998 2748 nostri
1024 2687 1217 2763 communis,
1241 2707 1258 2747 a
1283 2700 1371 2768 parte
1396 2688 1490 2748 meri·

228 2792 362 2870 dionali,
386 2813 424 2854 ac
447 2795 529 2854 inter
552 2805 668 2854 terram
701 2793 801 2854 sancti
835 2793 974 2868 Martini,
1005 2806 1137 2873 aparte
1169 2793 1328 2870 orientali,
1352 2807 1416 2854 tres
1439 2793 1489 2853 vel

227 2899 303 2960 citra
329 2912 363 2960 ut
387 2899 504 2960 dicitur
535 2898 637 2959 dietas
667 2913 760 2959 terre.
794 2934 835 2943 —
868 2898 946 2959 ltem
979 2898 1183 2959 medietatem
1218 2898 1383 2960 cuiusdam
1405 2912 1488 2960 terre

226 3003 356 3066 arabilis
380 3023 479 3087 penes
500 3018 615 3065 terram
642 3004 774 3065 domine
792 3004 993 3085 Margarethe
1010 3004 1220 3088 Valpothicza
1246 3005 1341 3081 dicte,
1366 3018 1489 3087 aparte

226 3111 492 3195 septemtrionali,
516 3130 643 3173 necnon
665 3111 809 3192 undique
835 3111 917 3171 inter
940 3112 1007 3172 vias
1024 3130 1223 3189 communes,
1248 3131 1364 3175 novem
1391 3126 1425 3173 ut
1441 3111 1489 3173 di·

226 3217 307 3278 citur
330 3216 433 3280 dietas
456 3230 537 3279 terre
563 3217 712 3278 Emerico
737 3217 863 3279 literato
891 3215 959 3278 filio
977 3218 1075 3279 Marci
1100 3215 1157 3278 filii
1183 3216 1287 3279 fratris
1309 3218 1369 3294 sui,
1393 3237 1489 3299 super

226 3322 410 3385 huiusmodi
443 3324 673 3406 propinacione
706 3323 849 3406 predicto
882 3323 942 3384 civi
975 3323 1047 3384 data
1079 3337 1126 3384 est
1158 3323 1248 3384 litera
1281 3323 1489 3405 privilegialis

225 3449 319 3514 super
342 3431 504 3512 premissis
527 3443 683 3512 perpetuo
708 3430 909 3512 possidendis
932 3429 1050 3511 pariter
1074 3443 1105 3490 et
1129 3428 1294 3490 habendis.

330 3535 409 3597 ltem
434 3536 509 3617 quia
535 3536 651 3597 mulier
674 3535 808 3597 Jalsicza
825 3549 948 3611 vocata,
967 3535 1076 3596 relicta
1101 3534 1238 3596 condam
1264 3534 1420 3595 iohannis
1435 3554 1487 3596 su·

224 3641 312 3720 totis,
337 3641 427 3703 dedit
450 3656 481 3704 et
513 3644 697 3725 propinavit
721 3642 894 3703 Valentino
926 3640 1079 3703 frenatori
1113 3641 1270 3702 moderno
1295 3641 1398 3719 jurato
1422 3661 1487 3702 me·

224 3747 376 3811 dietatem
399 3748 565 3810 cuiusdam
599 3749 716 3809 domus
748 3762 778 3809 et
809 3747 917 3810 celarii
950 3748 1147 3809 subterranei
1182 3748 1264 3808 inter
1288 3745 1407 3807 fundos
1429 3766 1485 3809 seu

224 3852 350 3916 edificia
375 3874 393 3916 a
416 3868 505 3936 parte
529 3854 783 3936 septemtrionali
810 3853 990 3916 Clementis
1022 3855 1160 3930 Keczka,
1184 3867 1214 3914 et
1238 3873 1255 3914 a
1280 3867 1368 3934 parte
1393 3854 1487 3915 meri-

223 3959 345 4023 dionali
370 3961 452 4022 inter
476 3961 611 4022 domum
637 3975 667 4022 et
696 3960 832 4022 fundum
866 3961 961 4022 Blasii
995 3959 1182 4034 frenatoris;
1206 3959 1256 4020 cui
1282 3958 1355 4021 data
1380 3973 1427 4021 est
1450 3960 1487 4020 li·

223 4078 288 4128 teta
312 4066 522 4150 privilegialis
547 4087 642 4149 super
666 4066 839 4148 premissis.

328 4172 407 4235 ltem
421 4173 509 4255 quod
533 4175 609 4255 quia
627 4174 743 4235 mulier
761 4173 858 4234 Lucia
877 4191 1009 4233 consors
1025 4172 1163 4234 condam
1183 4171 1345 4233 Ambrosii
1365 4169 1487 4253 Halycz

223 4278 299 4342 dicti
323 4278 415 4343 dedit
437 4293 469 4342 et
492 4281 676 4362 propinavit
707 4280 844 4341 Nicolao
876 4277 945 4340 filio
978 4278 1144 4341 Michaelis
1176 4277 1375 4360 Chemerycz
1399 4277 1486 4338 dicto

222 4384 263 4446 de
288 4384 470 4448 Motasvcza
494 4385 628 4447 domino
653 4399 684 4447 et
707 4386 823 4447 marito
851 4405 910 4446 suo
942 4385 1105 4465 quandam
1138 4384 1271 4445 domum
1297 4402 1388 4444 suam
1413 4402 1486 4444 cum

222 4490 343 4555 celario
366 4493 575 4553 subterraneo
599 4492 695 4554 simul
728 4511 800 4553 cum
833 4490 934 4553 fundo
960 4493 1043 4553 inter
1073 4493 1188 4553 domos
1211 4506 1241 4553 et
1266 4488 1384 4551 fundos
1408 4491 1487 4551 alias

223 4596 423 4661 honorabilis
446 4598 570 4660 domini
586 4599 714 4660 Martini
732 4597 950 4661 archidiaconi
976 4599 1016 4660 de
1038 4599 1152 4674 Vaska,
1177 4619 1194 4659 a
1218 4596 1485 4679 septemtrionali,

222 4703 264 4766 ab
287 4703 386 4767 altera
410 4717 497 4786 parte
522 4704 649 4767 Nicolai
674 4705 920 4786 campanatoris,
951 4705 1072 4766 scilicet
1103 4725 1121 4766 a
1146 4718 1234 4786 parte
1259 4701 1484 4777 meridionali;

221 4807 363 4873 midan
380 4823 428 4874 est
449 4810 539 4874 litera
556 4810 767 4895 privilegialis
786 4828 884 4894 super
900 4810 1074 4894 premissis,
1090 4823 1246 4892 perpetuo
1269 4807 1483 4945 possidendis.
