3428 5256
494 1413 623 1510 (Anno
652 1411 808 1502 Domini
835 1413 1207 1517 mcccoomlv.)
1251 1478 1262 1505 .

208 1767 313 1844 Anno
333 1767 477 1844 Domini
492 1769 680 1845 millesimo
696 1770 1052 1870 quadringentesimo
1064 1773 1317 1871 octuagesimo
1334 1781 1474 1873 quarto,

208 1894 362 1969 sabbato
391 1895 555 1992 proximo
585 1903 669 1970 ante
699 1894 831 1969 festum
865 1893 1133 1970 Purificacionis
1168 1897 1316 1994 virginis
1346 1895 1471 1983 llarie,

207 2024 372 2112 tempora
394 2015 576 2114 judicatus
597 2017 848 2116 circumspecti
864 2017 1036 2118 Johannis
1067 2018 1125 2093 filii
1153 2016 1361 2095 Sebastiam
1391 2018 1473 2096 Sol·

207 2139 1473 2242 mmmmfflmmmmmmtmmmmcmmmmmmmm

207 2272 290 2339 cato
319 2264 488 2341 videlicet
517 2265 676 2341 secundo
707 2266 868 2341 eiusdem
893 2265 1064 2366 Johannis
1094 2265 1152 2341 filii
1183 2263 1392 2343 Sebastiam
1417 2267 1472 2364 ju-

695 2389 784 2465 dicis
813 2390 987 2464 moderni.

717 2669 779 2732 (31.
799 2656 966 2731 januarii).

310 2818 407 2876 Anno
424 2815 601 2897 prescripto
621 2811 751 2875 infesto
776 2813 942 2876 Vincencii
960 2814 1109 2892 martiris,
1136 2815 1331 2876 laurencius
1350 2815 1469 2898 Sporar

207 2922 315 2985 senior
331 2920 427 3002 judex
444 2936 475 2982 et
493 2920 634 2983 concivis
651 2933 758 2982 noster
769 2921 965 3002 comparavit
982 2922 1144 3002 quandam
1159 2921 1292 2982 domum
1308 2936 1465 2984 muratam

205 3050 278 3092 cum
297 3029 415 3092 celario
440 3029 587 3090 similiter
611 3043 749 3106 murato,
766 3047 838 3089 cum
856 3029 1023 3089 structuris
1040 3028 1210 3090 domorum
1234 3043 1265 3091 et
1288 3030 1410 3091 curiam
1436 3031 1468 3091 in

204 3137 330 3199 civitate
355 3151 462 3197 nostra
480 3136 562 3197 iuter
586 3134 720 3196 domum
739 3148 769 3196 et
785 3134 945 3196 staciones
968 3135 1076 3196 altaris
1092 3136 1192 3197 sancti
1210 3136 1336 3197 Nicolai
1361 3136 1393 3197 in
1419 3157 1470 3198 ec·

204 3242 299 3304 clesia
324 3243 425 3303 sancti
452 3241 551 3303 Marci
578 3239 713 3319 fundati,
739 3261 755 3302 a
780 3255 869 3322 parte
886 3242 1046 3320 orientali,
1071 3257 1196 3324 aparte
1220 3262 1296 3304 vero
1320 3243 1470 3305 occiden-

203 3349 258 3410 tali
284 3368 383 3430 penes
416 3347 553 3409 fundum
586 3368 642 3409 seu
675 3348 770 3409 civile
803 3347 1004 3429 Margarethe
1036 3347 1144 3411 relicte
1177 3349 1314 3411 condam
1341 3350 1470 3413 Thorne

203 3455 332 3517 sartoris
356 3469 387 3515 et
410 3473 629 3515 successorum
662 3454 818 3532 eiusdem,
850 3456 1026 3537 aprovida
1059 3455 1190 3516 domina
1222 3456 1338 3517 Vrsula
1361 3458 1470 3519 relicta

202 3561 339 3622 condam
365 3561 521 3622 lobannis
547 3561 645 3622 Pazar
668 3574 834 3642 tamquam
859 3581 876 3623 a
900 3580 1082 3623 successore
1109 3561 1279 3641 legittimo.

310 3668 387 3729 ltem
413 3686 499 3728 anno
523 3668 739 3749 suprascripto
764 3669 796 3729 in
821 3667 874 3729 die
898 3667 1129 3729 Conversionis
1145 3669 1245 3729 sancti
1271 3668 1374 3744 Pauli,
1399 3668 1468 3731 Ste-

204 3774 330 3855 phanus
353 3773 498 3835 literatus
534 3773 618 3835 filius
654 3775 738 3836 Petri
776 3775 815 3836 de
849 3775 1034 3835 Blaslrowcz
1067 3794 1166 3856 prope
1200 3775 1397 3856 Lisnilrhegb
1429 3775 1469 3837 de

204 3879 362 3957 Prioratu,
385 3880 493 3941 senior
510 3880 604 3957 judex
629 3894 660 3941 et
677 3881 818 3942 concivis
836 3895 944 3941 noster
965 3881 1164 3962 comparavit
1188 3901 1205 3941 a
1230 3881 1469 3963 circumspectis

201 3986 277 4048 viris
303 3986 410 4048 Blasio
445 3987 591 4048 Lazarini
623 3987 741 4048 seniori
775 3987 879 4067 judice
912 4000 942 4048 et
974 3987 1107 4049 concive
1142 4001 1252 4048 nostro
1278 4003 1309 4049 et
1334 3988 1468 4050 Simone

201 4108 321 4155 sartore
346 4094 493 4155 similiter
518 4094 651 4154 concive
685 4107 806 4171 nostro,
839 4093 1005 4173 legittimis
1037 4094 1261 4155 executoribus
1286 4096 1468 4157 testamenti

201 4201 308 4282 scripti
347 4201 484 4262 condam
511 4200 634 4261 Nicolai
671 4201 788 4262 sutoris
818 4200 954 4261 senioris
991 4199 1083 4279 jurati
1120 4214 1151 4262 et
1182 4200 1324 4261 concivis
1357 4202 1469 4280 nostri,

202 4307 367 4389 quoddam
401 4308 494 4368 civile
526 4326 582 4368 seu
615 4305 752 4368 fundum
786 4306 919 4368 edificiis
950 4322 1122 4384 carentem,
1155 4307 1187 4367 in
1217 4326 1282 4388 quo
1306 4307 1385 4368 alias
1409 4308 1465 4369 cli·

201 4414 303 4476 banus
326 4434 381 4476 seu
407 4413 519 4475 furnus
543 4414 581 4474 ad
608 4414 783 4494 pinsendos
807 4432 906 4495 panes
930 4426 1006 4489 erat,
1033 4414 1114 4474 inter
1132 4411 1268 4474 fundum
1294 4433 1350 4474 seu
1368 4413 1462 4474 civile

201 4538 219 4581 a
243 4535 331 4603 parte
357 4521 508 4582 videlicet
539 4520 686 4581 orientali
714 4518 867 4602 Stephani
901 4519 1094 4600 Stephanicz
1119 4518 1207 4596 dicti,
1231 4539 1247 4580 a
1272 4534 1361 4601 parte
1387 4539 1465 4581 vero

200 4625 391 4689 occidentali
405 4644 504 4708 penes
520 4626 626 4688 civilia
647 4645 704 4687 seu
714 4624 832 4687 fundos
849 4625 963 4708 partim
982 4624 1114 4687 domine
1133 4625 1249 4705 Magde
1263 4625 1372 4688 relicte
1389 4646 1463 4688 cou-

200 4731 275 4795 dam
299 4732 401 4795 Zorze
427 4732 541 4816 partim
567 4731 716 4794 similiter
749 4749 848 4814 penes
879 4730 1017 4793 lundum
1048 4731 1157 4794 relicte
1188 4731 1302 4795 Vrsule
1326 4732 1464 4794 condam

200 4836 331 4905 Martini
355 4838 512 4918 Krousa,
537 4839 653 4924 partim
678 4837 827 4902 similiter
851 4855 950 4922 penes
973 4833 1111 4901 fundum
1136 4834 1271 4920 Georgii
1296 4838 1467 4917 sutoris·

1358 4946 1382 5013 4
