3428 5256
788 315 943 378 Rationes.
1435 334 1496 397 293

234 532 305 592 nich
331 533 370 592 ad
397 531 465 593 flor,
488 530 645 606 XXVllll,
661 548 758 611 quam
781 529 949 610 pecuniam
976 529 1061 589 idem
1081 529 1230 608 magister
1250 529 1390 589 Briccius
1415 529 1493 589 mihi

234 639 386 719 persolvit
405 688 410 700 .
430 689 460 704 ..
487 637 554 699 flor.
571 635 726 697 XXVllll.

339 779 391 859 (ln
421 778 591 860 stargard:
623 779 686 840 Sed
720 778 873 839 dominus
912 778 1082 860 episcopus
1114 798 1171 859 pro
1203 777 1337 840 domino
1370 778 1496 840 Andrea

234 885 462 947 archidiacono
488 886 526 944 de
551 885 697 946 Vrbovcz
722 885 871 963 condam,
892 885 1042 946 limitavit
1065 885 1104 945 ad
1130 883 1199 948 flor.
1230 905 1277 965 13,
1302 904 1384 965 quos
1410 885 1494 946 idem

237 992 399 1073 persolvit.

340 1116 415 1175 ltcm
443 1116 594 1195 magister
612 1113 773 1175 Mattheus
789 1114 829 1175 de
855 1113 955 1175 Zenth
982 1114 1057 1176 luan
1088 1135 1146 1197 pro
1171 1116 1270 1176 domo
1297 1135 1393 1195 quam
1412 1135 1497 1175 nunc

236 1221 403 1297 inhabitat,
427 1237 457 1282 et
475 1222 562 1303 prius
575 1218 672 1281 fuisse
686 1220 828 1301 magistri
844 1221 971 1282 Andree
985 1222 1157 1302 organista,
1173 1222 1269 1283 solvit
1287 1271 1293 1284 .
1313 1271 1319 1285 ·
1338 1271 1343 1281 ·
1363 1221 1430 1284 flor.
1446 1222 1484 1282 Vl

340 1343 415 1406 Item
444 1345 474 1406 in
500 1345 587 1405 curia
619 1345 785 1426 quondam
818 1344 941 1405 domini
976 1343 1107 1425 Georgii
1140 1344 1343 1425 suffraganei,
1369 1346 1496 1421 domus,

232 1451 411 1527 cellarium,
444 1452 594 1531 coquina,
618 1450 780 1511 stabulum
806 1465 864 1512 etc.
891 1450 1018 1512 luerunt
1050 1453 1194 1512 estimata
1227 1453 1266 1512 ad
1296 1451 1362 1515 flor.
1387 1469 1494 1513 octua-

233 1557 334 1638 ginta,
359 1558 413 1618 sed
433 1577 488 1638 per
504 1558 821 1618 Reverendissimum
845 1557 1013 1618 dominum
1039 1572 1182 1618 nostrum
1209 1558 1343 1618 limitata
1368 1556 1496 1618 luerunt

232 1664 271 1723 ad
298 1663 437 1724 florenos
469 1663 682 1743 quadraginta
711 1682 769 1744 pro
795 1664 945 1743 magistro
963 1663 1110 1725 Johanne
1127 1664 1300 1743 organista,
1336 1664 1389 1745 qui
1409 1664 1496 1745 prius

233 1789 330 1850 quam
358 1785 545 1846 moreretur,
570 1770 733 1831 solvit...
760 1769 828 1830 flor.
853 1769 923 1832 XX.

337 1894 413 1954 ltem
446 1894 586 1974 predicta
618 1892 734 1954 domus
766 1909 836 1975 post
861 1909 997 1955 mortem
1025 1895 1123 1974 ipsius
1140 1893 1295 1955 Johannis
1319 1895 1492 1975 organista,

232 2021 289 2080 pro
323 2000 456 2061 domino
482 1999 711 2060 Bartholomeo
743 1998 969 2061 archidiacono
994 2000 1182 2061 Chasmensi
1208 2000 1353 2062 estimata
1377 1998 1438 2061 fuit
1455 2001 1493 2060 ad

232 2106 304 2170 flor.
330 2107 543 2187 septuaginta,
563 2105 618 2166 sed
633 2106 932 2167 Reverendissimus
957 2106 1108 2166 dominus
1133 2121 1239 2166 noster
1264 2107 1411 2167 limitavit
1436 2126 1494 2188 pro

231 2214 346 2274 eodem
370 2214 408 2273 ad
427 2214 494 2275 llor.
518 2213 742 2293 quadraginta,
759 2227 852 2294 prout
878 2214 1069 2274 venerabilis
1093 2214 1246 2273 dominus
1271 2213 1414 2274 Andreas
1439 2217 1492 2274 ka·

230 2320 382 2381 thedralis
400 2319 507 2379 retulit
524 2320 622 2379 verbo
640 2318 763 2379 domini
783 2318 1053 2380 Reverendissimi
1073 2319 1103 2379 in
1123 2319 1294 2400 Capitulo;
1312 2338 1348 2380 ex
1375 2320 1494 2400 quibus

233 2426 318 2487 idem
348 2427 500 2486 dominus
525 2425 771 2486 Bartholomeus
795 2426 892 2486 solvit
916 2425 1130 2486 dominis...
1156 2423 1224 2487 flur.
1250 2425 1318 2487 XX.

339 2550 414 2611 ltem
448 2550 564 2610 domus
595 2568 692 2629 quam
718 2549 863 2630 Angelus
896 2549 1015 2609 Doctor
1046 2549 1220 2625 inhabitat,
1253 2569 1310 2629 pro
1341 2551 1492 2629 magistro

233 2656 399 2717 anthonio
425 2657 502 2717 alias
526 2657 667 2738 plebano
692 2677 716 2719 s.
735 2656 884 2730 Emerici,
902 2656 1046 2716 estimata
1065 2668 1111 2715 est
1135 2655 1246 2717 ad...
1271 2654 1339 2717 flor.
1364 2656 1493 2719 XXXV.

338 2778 413 2841 ltem
456 2780 606 2859 magister
642 2780 804 2840 Antonius
840 2780 878 2839 de
917 2779 1065 2859 Kotegno
1098 2798 1155 2860 pro
1191 2779 1291 2840 domo
1326 2780 1490 2860 quondam

232 2887 361 2948 Martini
388 2888 487 2947 Vasce
514 2887 544 2947 in
571 2886 698 2947 civitate
723 2886 895 2961 existentis,
922 2906 976 2966 per
995 2885 1223 2946 limitacionem
1249 2884 1373 2946 domini
1391 2887 1489 2947 nostri

231 2993 502 3055 Reverendissimi
527 2993 694 3053 solvit...
722 2991 788 3053 flor.
814 2991 940 3052 XXXll.

337 3117 413 3179 ltem
440 3117 590 3196 magister
624 3116 741 3176 Paulus
767 3116 880 3199 Sytecz
913 3115 951 3174 de
985 3116 1120 3196 pecunia
1155 3134 1210 3196 per
1234 3115 1399 3194 quondam
1426 3134 1489 3176 mu·

229 3223 362 3304 gistrum
392 3222 568 3302 Georgium
595 3223 634 3280 de
661 3221 832 3302 Myletincz
857 3220 972 3302 legata,
996 3221 1166 3282 solvit...
1190 3220 1258 3282 flor.
1282 3219 1349 3281 Xll.

336 3346 411 3407 Item
438 3347 589 3405 dominus
614 3345 795 3426 Stephanus
812 3344 1034 3406 locumtenens
1058 3359 1089 3405 et
1107 3345 1206 3406 lector
1230 3344 1425 3406 chasmensis
1443 3346 1486 3406 le·

228 3455 315 3532 gavit
340 3453 378 3513 ad
405 3453 571 3513 ecclesiam
597 3453 840 3532 zagrabiensem
873 3449 941 3513 flor.
973 3450 1096 3527 decem,
1128 3450 1224 3511 soluti
1249 3465 1323 3511 sunt
1347 3470 1402 3532 per
1426 3471 1491 3512 ma·

228 3560 361 3639 gistrum
389 3559 568 3618 ¹lohannem
595 3559 813 3619 bachalarium
839 3557 1030 3618 canonicum
1056 3557 1286 3618 chasmensem.

337 3682 412 3742 ltem
438 3681 590 3742 dominus
615 3680 775 3761 Georgius
797 3680 961 3760 quondam
988 3680 1145 3761 plebanus
1171 3679 1380 3739 Dombrensis
1404 3680 1489 3760 legu-

229 3805 314 3849 verat
340 3789 378 3848 ad
405 3789 571 3849 ecclesiam
597 3787 836 3866 zagrabiensem
870 3785 937 3848 flor.
969 3787 1061 3864 duos,
1086 3785 1181 3845 soluti
1207 3800 1280 3844 sunt
1305 3805 1360 3866 per
1384 3785 1486 3846 domi·

228 3915 304 3955 num
331 3896 493 3956 Andream
519 3909 594 3955 tunc
620 3894 792 3975 plebanum
818 3914 842 3954 s.
869 3893 1019 3969 Emerici,
1051 3893 1158 3953 minus
1182 3890 1295 3952 solidis
1318 3911 1383 3954 sex.

336 4020 411 4081 ltcm
441 4021 592 4099 magister
622 4018 803 4100 Stephanus
828 4017 866 4077 de
886 4017 1126 4077 Hracztowicza
1144 4036 1201 4097 pro
1226 4015 1487 4096 peregrinacione

227 4126 294 4186 sine
320 4127 451 4187 licencia
478 4126 601 4186 domini
628 4125 725 4185 nostri
752 4124 906 4206 episcopi,
938 4123 1108 4185 solvit...
1133 4121 1202 4185 flor.
1227 4121 1265 4184 V.

334 4250 409 4310 lrem
435 4251 586 4330 magister
610 4249 728 4309 Paulus
761 4248 800 4309 de
835 4247 962 4308 civitate
994 4247 1106 4308 eadem
1141 4247 1268 4306 racione
1293 4247 1388 4308 solvit
1415 4297 1420 4307 .
1448 4297 1453 4309 .
1482 4297 1487 4308 .

226 4355 293 4418 llos.
325 4354 390 4416 llll.

329 4459 405 4522 ltem
433 4462 584 4541 magister
608 4461 769 4521 Fabianus
794 4460 905 4521 eadem
941 4460 1069 4520 racione
1093 4459 1261 4520 solvit...
1288 4457 1356 4521 flor.
1382 4459 1442 4521 llll.

330 4584 407 4647 Item
434 4584 585 4645 dominus
610 4584 764 4644 Nicolaus
800 4583 1046 4645 archidiaconus
1072 4581 1263 4644 Dubicensis
1287 4583 1381 4644 solvit
1407 4583 1485 4645 mihi

223 4690 291 4756 rlor.
317 4710 428 4768 unum,
461 4690 601 4771 legatum
635 4690 673 4750 ad
699 4689 867 4751 ecclesiam
893 4689 1132 4770 zagrabiensem
1159 4707 1214 4769 per
1246 4688 1419 4768 quemdam
1445 4687 1484 4798 de

223 4797 364 4860 Vinodol
383 4846 389 4858 .
407 4845 439 4861 ..
463 4796 532 4860 flor.
559 4797 579 4860 l.
