3428 5256
782 258 933 322 Rationes.

325 471 404 549 ltem
429 473 459 534 in
485 472 571 533 curia
596 470 721 532 domini
747 471 874 533 lectoris
898 472 1026 552 domus,
1050 473 1231 553 cellarium,
1257 477 1427 557 coquina,
1447 493 1518 540 sta·

223 578 336 640 bulum
364 597 436 639 cum
471 577 583 639 ceteris
616 596 671 658 per
704 577 869 658 quondam
904 578 1075 640 dominum
1107 580 1235 640 Petrum
1269 580 1441 644 lectorem
1471 585 1517 646 de

224 705 309 747 novo
335 684 493 762 edificata,
517 685 648 765 quando
681 683 847 764 quondam
880 686 1073 748 venerabilis
1105 685 1256 747 dontinus
1282 687 1438 751 Michael
1468 691 1514 753 de

221 806 331 853 sancto
356 791 500 871 Georgio
526 790 644 851 fecerat
667 809 699 851 se
725 789 885 851 installare
904 790 936 851 in
967 791 1118 854 lectorem
1150 790 1208 853 luit
1232 792 1387 856 estimata
1407 795 1514 861 ad...

222 898 290 962 flor.
314 898 441 960 LXXX.

591 1020 738 1081 Exitus
769 1019 1097 1084 MCCCCLXXXXI.

326 1181 402 1245 ltem
438 1181 490 1243 die
522 1180 685 1241 dominica
719 1177 800 1241 inira
833 1194 961 1241 octavas
994 1180 1062 1242 lesti
1093 1184 1184 1244 beate
1216 1183 1351 1264 virginis
1377 1186 1504 1266 Maris,

223 1289 347 1350 domini
372 1287 589 1370 capitulariter
612 1287 798 1366 congregati
816 1303 1036 1348 convenerunt
1054 1308 1126 1348 cum
1153 1289 1260 1350 Blasio
1284 1294 1501 1373 carpentario

223 1396 261 1457 de
286 1396 412 1457 Vrbocz
435 1393 475 1455 ad
500 1392 673 1474 tegendum
700 1408 730 1454 et
748 1393 987 1456 reformandum
1006 1396 1222 1458 sanctuarium
1240 1397 1374 1460 ecclesie
1401 1401 1496 1463 beati

222 1499 305 1580 regis
330 1498 484 1581 Stephani
509 1499 725 1580 zagrabiensis
748 1499 844 1559 simul
876 1518 948 1560 cunr
983 1500 1087 1560 choris
1110 1521 1147 1562 ex
1179 1515 1314 1583 utraque
1340 1517 1433 1583 parte
1462 1520 1497 1568 et

221 1606 361 1667 sacristia
386 1604 530 1666 eiusdem
560 1605 693 1666 ecclesie
718 1604 787 1668 flor.
803 1605 890 1665 XLV
908 1621 938 1666 et
960 1607 1087 1666 duobus
1105 1608 1202 1668 lardis
1219 1607 1269 1668 vel
1287 1627 1346 1689 pro
1363 1609 1494 1673 eisdem

223 1712 291 1775 flor.
315 1711 406 1789 duos,
432 1712 518 1772 iuxta
542 1725 718 1792 regestrum
744 1724 774 1772 et
806 1711 1001 1791 signaturam
1035 1713 1207 1793 superinde
1232 1713 1332 1774 lacius
1357 1711 1493 1781 iactam.

223 1854 262 1862 -
288 1817 364 1880 ltem
390 1831 421 1878 et
445 1818 540 1879 musti
565 1817 700 1879 cubulos
724 1837 777 1896 40.

330 1941 405 2004 ltem
417 1960 477 2022 ego
489 1942 590 2003 Lucas
607 1942 646 2003 de
666 1942 809 2002 Dombro
827 1943 1000 2004 canonicus
1018 1943 1148 2004 ecclesie
1166 1945 1383 2024 zagrabicusis
1397 1947 1489 2010 iuxta

222 2049 483 2109 commissionem
509 2048 716 2110 dominorum
734 2046 876 2129 Capituli
894 2048 1027 2130 predicti
1048 2048 1086 2109 de
1113 2051 1249 2130 pecunia
1267 2049 1491 2115 estimacionis

223 2153 394 2215 domorum
434 2153 669 2215 canonicalium
709 2153 791 2214 solvi
831 2154 937 2216 eidem
972 2155 1084 2215 Blasek
1124 2156 1324 2237 carpentario
1355 2157 1489 2221 racione

223 2260 332 2342 previa
356 2260 388 2320 in
414 2259 546 2320 diversis
570 2259 714 2320 terminis
730 2307 737 2324 .
755 2307 789 2323 ..
815 2259 882 2323 flor.
906 2260 1003 2323 XLV.

328 2381 404 2444 ltem
430 2382 533 2443 eidem
560 2402 617 2463 pro
642 2382 769 2444 duobus
790 2383 887 2443 lardis
911 2383 1071 2445 solvi...
1105 2383 1173 2449 flor.
1196 2383 1230 2449 ll.

328 2506 403 2569 ltem
430 2505 532 2566 eidem
560 2508 621 2568 emi
648 2505 854 2568 claviculosa
881 2507 1044 2589 Stephano
1058 2508 1195 2572 Kelkedi
1212 2558 1219 2572 .
1236 2557 1265 2572 ..
1294 2508 1362 2574 flor.
1387 2511 1487 2595 lX¹l‚.

689 2698 1029 2764 MCCCCLXXXXll.

330 2859 404 2921 ltem
432 2861 462 2921 in
489 2859 569 2921 festo
595 2860 677 2921 beati
705 2859 923 2920 Bartholomei
955 2860 1092 2941 apostoli
1118 2860 1242 2922 domini
1268 2863 1486 2945 capitulariter

226 2968 408 3047 congregati
435 2986 492 3048 pro
517 2966 607 3027 totali
625 2979 746 3028 tectura
764 2965 895 3026 maioris
919 2967 1061 3048 corporis
1078 2967 1210 3029 ecclesie
1228 2983 1259 3030 et
1282 2970 1351 3031 eius
1375 2970 1487 3036 labore

225 3088 444 3134 convenerunt
458 3093 529 3134 cum
546 3073 652 3133 Blasio
667 3072 706 3132 de
720 3072 866 3133 Vrbovcz
880 3074 1080 3155 carpentario
1098 3094 1156 3156 pro
1174 3124 1180 3137 .
1199 3123 1206 3138 .
1225 3076 1305 3137 ,lior
1325 3076 1486 3144 LXXXX.

332 3197 407 3258 ltem
436 3198 465 3256 in
492 3197 662 3257 novalibus
686 3197 820 3257 cubulos
843 3196 986 3262 vini...
1012 3199 1046 3261 1⁰.

329 3302 405 3365 ltem
428 3322 499 3364 cum
526 3304 671 3364 laborare
695 3303 815 3385 incepit
835 3302 965 3366 habebit
989 3305 1076 3366 larda
1101 3306 1175 3368 dun.

333 3411 370 3471 Et
406 3429 478 3470 cum
514 3410 602 3491 porci
647 3408 854 3470 dominorum
900 3410 1071 3471 decimales
1107 3412 1318 3492 inducentur,
1354 3413 1485 3477 habebit

228 3536 341 3596 porcos
365 3530 447 3578 octa.

331 3621 407 3683 ltem
433 3623 650 3703 carpentarius
674 3641 732 3705 pro
765 3622 951 3683 huiusmodi
981 3621 1219 3686 laboratoribus
1243 3626 1375 3688 minutis
1397 3628 1486 3690 solli·

225 3729 308 3788 cabit
333 3748 458 3809 semper
483 3729 669 3808 magistrum
697 3728 875 3789 Fabianum
901 3727 1076 3790 librarium.

332 3853 406 3913 ltem
435 3873 493 3934 pto
519 3853 652 3933 pecunia
678 3852 824 3913 habenda
844 3852 1029 3914 sollicitabit
1053 3853 1240 3934 magistrum
1267 3857 1397 3921 Lucam.

333 3959 407 4020 ltem
436 3980 492 4040 pro
517 3960 674 4020 asseribus
698 3979 753 4019 seu
786 3958 955 4020 lemeschis
987 3959 1106 4021 Matbie
1131 3961 1286 4045 Zeltirych
1311 3963 1351 4024 ad
1377 3964 1484 4047 dispo·

226 4068 366 4127 nendum
393 4067 669 4144 convenientibus,
694 4066 852 4130 solvi...
878 4064 947 4128 flor.
972 4065 1065 4128 Vllll.

331 4172 406 4234 ltem
435 4174 553 4235 Mathia
579 4172 729 4255 Chernyg
755 4173 794 4234 de
815 4169 940 4252 lwagna
968 4172 1075 4233 Recha
1100 4192 1158 4255 pro
1183 4174 1352 4237 lemeschis
1376 4177 1484 4259 dispo-

226 4280 349 4354 nendis,
375 4281 529 4344 solvi...
556 4279 624 4342 flor.
649 4279 687 4340 V.

332 4403 405 4465 ltem
433 4405 471 4465 ad
497 4407 591 4465 verba
617 4404 740 4465 domini
765 4404 874 4491 vicarii
896 4404 1089 4486 quibusdam
1114 4406 1273 4470 solvi...
1301 4407 1368 4472 lior.
1392 4407 1442 4473 ΙΙΙ.

331 4508 406 4570 ltem
433 4510 463 4570 in
490 4509 570 4571 sesto
594 4532 617 4573 s.
645 4509 844 4591 Margarethe
869 4510 932 4572 emi
956 4510 1209 4574 claviculos...
1235 4511 1305 4576 flor.
1330 4512 1381 4577 Vl.

331 4613 406 4677 ltetn
433 4616 463 4676 in
490 4616 569 4677 festo
594 4638 617 4678 s.
642 4616 796 4698 Stephani
826 4615 910 4699 regis
942 4616 1005 4679 emi
1038 4617 1288 4682 claviculos...
1311 4615 1379 4681 flor.
1403 4621 1486 4684 XVI.

332 4720 406 4784 ltern
433 4722 463 4782 ln
490 4722 570 4783 festo
594 4724 623 4787 b.
648 4724 785 4785 Barbare
809 4723 873 4786 emi
898 4720 1122 4789 claviculos..
1172 4723 1241 4789 dor.
1265 4721 1303 4784 V.
