3428 5256
488 1304 618 1406 (Anno
644 1303 801 1393 Domini
828 1302 1270 1401 vcccooxxxxvffl.)

235 1642 325 1720 ltetn
340 1645 374 1720 in
395 1667 488 1719 anno
509 1642 652 1719 Domini
674 1644 861 1719 millesimo
882 1643 1237 1743 quadringentesimo
1258 1645 1499 1743 nonagesimo

235 1775 381 1858 octavo,
409 1778 575 1867 tempore
607 1767 775 1845 videlicet
813 1767 959 1843 secundi
983 1767 1164 1865 judicatos
1203 1768 1340 1868 providi
1371 1774 1410 1843 et
1437 1769 1498 1843 ho·

234 1893 328 1969 nesti
357 1892 421 1967 viri
452 1890 599 1967 Fabiani
627 1890 686 1966 filii
716 1889 871 1982 Martini,
914 1891 1075 1967 moderni
1108 1890 1237 1989 judicis
1267 1894 1381 1968 nostri
1420 1915 1498 1991 pre·

235 2039 319 2092 sens
362 2026 575 2116 quaternum
622 2023 680 2092 est
726 2016 967 2115 conscriptum
1009 2014 1100 2091 feria
1139 2017 1264 2115 quinta
1306 2017 1339 2091 in
1376 2015 1500 2116 vigilia

659 2139 928 2217 Purificacionis
959 2139 1082 2217 lllarie.

764 2378 804 2444 (1.
821 2369 1000 2448 februarii).

340 2511 438 2585 Quod
463 2512 537 2594 quia
562 2527 628 2597 tota
654 2514 870 2576 communitas
895 2514 1014 2575 civium
1042 2514 1179 2575 civitatis
1205 2514 1497 2594 Montisgrecensis,

234 2617 399 2699 quoddam
425 2616 522 2680 lenile
542 2618 766 2680 condicionale
785 2620 815 2681 in
841 2620 1002 2681 territorio
1020 2619 1115 2681 huius
1132 2620 1268 2681 civitatis
1285 2621 1366 2680 inter
1382 2635 1498 2680 terrom

234 2722 388 2785 heredum
413 2724 551 2786 condam
584 2726 697 2787 Berlelr
730 2725 883 2807 agricole,
915 2727 954 2786 ob
986 2726 1134 2787 orientali
1167 2741 1266 2808 parte,
1291 2740 1322 2788 et
1348 2727 1430 2787 inter
1455 2723 1497 2786 fe·

235 2830 312 2891 nilia
331 2845 437 2892 nostra
462 2833 647 2893 communia
672 2832 906 2893 ameridionali
922 2852 957 2893 ac
974 2831 1164 2894 occidentali
1188 2847 1218 2893 et
1242 2831 1496 2914 septemtrionali

236 2936 391 3018 partibus,
415 2937 588 3000 Valentino
602 2939 701 2999 sutori
720 2938 898 3000 Valenthelt
916 2938 1001 3000 dicto
1019 2937 1118 3016 dedit,
1136 2939 1272 3000 contulit
1289 2951 1319 3000 et
1337 2937 1496 3019 inscripsit

232 3040 302 3121 jure
326 3057 482 3125 perpetuo
506 3045 566 3105 sibi
592 3058 622 3107 et
647 3045 716 3106 eius
741 3044 922 3122 heredibus,
956 3045 997 3107 ita
1030 3059 1148 3122 tamen,
1172 3044 1260 3126 quod
1286 3045 1352 3126 ipse
1377 3043 1493 3105 Valen-

232 3148 329 3227 tinus,
353 3150 467 3232 suique
493 3150 626 3212 heredes
643 3164 673 3213 et
691 3152 892 3232 posteritates
908 3152 1049 3213 universi
1068 3152 1107 3213 de
1126 3151 1240 3212 eodem
1266 3149 1354 3212 lenili
1372 3169 1499 3231 semper

233 3268 264 3316 et
288 3255 319 3316 io
344 3258 433 3318 omni
458 3277 544 3319 suno
569 3259 662 3318 nobis
685 3277 740 3320 seu
766 3258 939 3319 comitibus
971 3258 1088 3320 nostris
1112 3258 1274 3340 perpetuis
1297 3257 1499 3338 temporibus

232 3379 365 3442 pensam
391 3382 487 3424 unam
524 3364 756 3425 wiennensium
788 3365 864 3426 dare
896 3379 927 3425 et
954 3364 1079 3426 solvere
1111 3365 1324 3439 tenebuntur;
1349 3363 1399 3425 cui
1425 3363 1498 3424 dota

233 3483 280 3530 est
303 3469 392 3530 litera
417 3470 639 3551 privilegialis.

339 3574 437 3648 Quod
462 3577 537 3657 quia
563 3577 777 3638 communitas
794 3577 912 3638 civium
938 3576 1074 3638 civitatis
1092 3577 1374 3658 Montisgrecensis
1392 3575 1495 3658 quod·

234 3682 307 3743 dam
342 3681 438 3743 fenile
471 3682 695 3744 condicionale
729 3685 759 3744 in
792 3684 952 3745 territorio
986 3698 1095 3745 nostro
1128 3703 1183 3744 seu
1217 3683 1355 3745 civitatis
1378 3681 1498 3765 prefate

232 3789 315 3849 inter
340 3786 437 3850 fenile
462 3789 609 3851 similiter
633 3790 857 3851 condicionale
875 3790 1041 3871 prudentis
1066 3805 1096 3851 et
1114 3789 1238 3851 honesti
1264 3791 1321 3850 viri
1348 3789 1496 3870 (Fabiani

232 3893 302 3972 filii)
326 3895 465 3971 Martini,
492 3896 638 3957 moderni
664 3896 778 3976 judicis
806 3897 1012 3977 concivisque
1046 3897 1156 3973 nostri,
1181 3916 1198 3957 s
1223 3911 1311 3976 parte
1337 3896 1498 3971 orientali,

232 4016 263 4063 et
287 4002 368 4062 inter
392 4000 488 4064 fenile
513 4022 568 4064 seu
595 4004 742 4064 rubetum
769 4018 876 4064 nostre
901 4003 1152 4079 communitatis,
1184 4023 1201 4064 a
1227 4018 1314 4084 parte
1341 4004 1492 4065 meridio-

231 4108 309 4184 nali,
334 4123 364 4169 et
390 4108 471 4169 inter
496 4109 644 4170 rubetum
670 4123 701 4169 et
729 4109 862 4170 fluvium
896 4123 1040 4191 tempore
1074 4110 1300 4170 inundacionis
1324 4111 1417 4172 Zawe
1444 4110 1497 4171 de·

232 4227 425 4292 currentem,
449 4214 596 4275 similiter
613 4215 855 4277 communitatis
872 4231 980 4277 nostre
1005 4237 1021 4276 a
1039 4231 1127 4297 parte
1145 4216 1349 4292 occidentali,
1374 4237 1391 4277 a
1409 4231 1496 4299 porte

231 4339 307 4381 vero
332 4320 585 4400 septemtrionali
612 4320 709 4382 fenile
742 4322 868 4403 providi
900 4336 931 4383 et
960 4322 1083 4384 honesti
1118 4323 1176 4383 viri
1211 4322 1343 4404 Georgii
1369 4325 1497 4401 sutoris,

230 4426 366 4487 senioris
390 4425 483 4505 jurati
508 4441 539 4487 et
564 4426 706 4487 concivis
732 4429 842 4505 nostri,
867 4428 1014 4491 similiter
1043 4430 1277 4507 condicionale,
1302 4430 1440 4510 provido
1465 4446 1495 4492 et

231 4532 366 4594 bonerto
391 4532 460 4594 viro
485 4533 606 4594 lacobo
631 4531 697 4594 lilio
731 4533 840 4611 Vlrici,
872 4535 990 4596 seniori
1023 4534 1120 4614 judici
1155 4551 1185 4597 et
1217 4536 1341 4597 concivi
1376 4551 1497 4615 nostro,

230 4656 267 4701 sc
291 4657 347 4721 per
370 4657 445 4700 eum
469 4639 535 4700 auis
559 4638 731 4701 heredibus
755 4640 904 4701 dedimus
929 4658 958 4702 et
991 4642 1187 4702 contulimus
1210 4662 1246 4702 ac
1272 4642 1498 4723 inscripsimus

230 4743 298 4829 jure
323 4760 491 4831 perpetuo,
517 4746 558 4808 its
576 4761 695 4828 tamon,
720 4747 807 4831 quod
826 4747 892 4833 ipse
911 4748 1059 4828 lacobus,
1077 4749 1192 4832 suique
1221 4748 1356 4815 heredes
1381 4762 1410 4814 et
1426 4768 1495 4815 suc·
