3428 5256
230 329 288 391 108
756 330 842 388 Anno
865 339 954 406 1519.

224 542 323 624 specti
350 541 409 602 viri
435 541 564 602 Sowani
599 541 746 619 Pastoris,
780 561 796 601 a
829 554 918 622 parte
949 535 1222 622 septemtrionali.
1256 551 1386 620 aparte
1411 557 1495 600 vero

225 648 428 709 meridionali
454 666 552 728 penes
576 647 696 708 dictum
723 645 820 708 fenile
838 644 1086 728 Marenschycza
1111 659 1261 706 vocatum
1285 642 1400 727 prelati
1426 644 1492 706 Mi·

224 754 344 816 chaelis
369 754 517 815 moderni
543 753 657 831 judicis
682 767 712 813 et
730 753 871 838 concivis
895 751 1007 830 nostri,
1024 751 1121 813 simul
1139 770 1211 813 cum
1236 749 1389 812 omnibus
1406 749 1493 811 eius·

225 860 297 922 dern
313 859 421 923 lenitis
435 859 636 935 utilitatibus,
655 856 776 939 prelato
795 858 944 919 Michaeli
964 857 1121 919 moderno
1139 856 1237 937 judici
1255 875 1313 938 pro
1330 856 1391 918 alia
1406 870 1493 919 tetra

223 966 335 1028 arabili
361 964 474 1047 prefati
501 964 667 1026 Michaelis
696 964 907 1046 Opprasnycb
934 965 965 1025 in
999 962 1192 1045 Cirquische
1216 962 1326 1024 habita
1342 963 1492 1044 quinque

224 1088 278 1134 aut
301 1073 378 1134 citra
402 1072 503 1133 dietas
520 1072 550 1132 in
574 1091 606 1131 se
623 1071 820 1148 continente,
845 1091 900 1152 per
918 1070 1052 1132 modum
1069 1069 1300 1132 concambialis
1324 1081 1492 1151 permuta·

224 1179 326 1240 sionis
351 1177 500 1238 dedimus
523 1191 554 1237 et
577 1178 831 1258 permutavimus
853 1177 1079 1258 perpetualiter
1103 1174 1345 1258 possidendum.
1373 1174 1491 1236 Datum

225 1282 302 1345 leria
326 1284 423 1345 tercia
449 1283 479 1343 in
512 1281 653 1364 profesto
688 1281 929 1344 Purificaciouis
960 1284 1053 1343 beate
1086 1281 1186 1343 Maris
1218 1281 1363 1363 virginis.
1392 1284 1492 1344 Anno

227 1389 358 1452 Domini
385 1389 558 1450 millesimo
582 1388 843 1469 quingentesimo
868 1388 996 1450 decimo
1020 1407 1118 1449 nono.

331 1496 398 1556 Nos
422 1495 637 1556 communitas
670 1495 788 1556 civium
821 1495 958 1556 civitatis
990 1494 1274 1576 Montisgrecensis
1306 1507 1376 1572 etc,
1400 1493 1491 1575 quod

226 1622 298 1664 cum
325 1621 384 1663 nos
408 1620 466 1682 pro
491 1599 699 1682 expediendis
717 1601 809 1661 certis
826 1601 969 1680 negociis
994 1601 1110 1661 nostris
1127 1599 1396 1679 consedissemus,
1413 1614 1491 1662 tunc

226 1706 426 1769 honorabilis
451 1706 603 1766 dominus
628 1706 752 1767 Blasius
783 1706 939 1787 plebanus
965 1720 1072 1767 noster
1105 1706 1253 1787 exposuit
1277 1707 1382 1784 nobis,
1406 1725 1489 1788 quo·

226 1813 324 1876 modo
351 1814 416 1892 ipse
453 1832 511 1895 pro
543 1827 717 1894 augmento
749 1812 882 1874 ecclesie
914 1826 1021 1874 nostre
1053 1812 1246 1894 parochialis
1280 1813 1363 1875 beati
1390 1813 1489 1874 Marci

224 1920 444 2000 ewangeliste,
475 1918 629 1999 quasdam
663 1932 762 1980 terras
794 1918 930 1979 arabiles
963 1938 1035 1979 curn
1071 1919 1210 1998 quadam
1235 1919 1382 1982 similiter
1406 1934 1489 1981 terra

226 2026 325 2106 vulgo
351 2025 472 2108 Zygetlt
498 2025 593 2102 dicta,
619 2024 738 2085 eisdem
768 2025 958 2103 subiacenti,
991 2025 1101 2086 decem
1135 2025 1236 2087 dietas
1269 2040 1324 2087 aut
1355 2025 1431 2087 citra
1456 2027 1488 2088 in

227 2152 259 2192 sc
283 2132 479 2207 continente,
505 2130 543 2190 de
570 2131 713 2190 unanimi
740 2131 904 2191 voluntate
938 2131 1169 2213 circumspecto
1202 2145 1232 2192 et
1257 2131 1393 2193 honesto
1417 2132 1488 2194 viro

230 2238 336 2299 lisano
361 2237 487 2298 Zodecz
513 2236 609 2313 dicto,
633 2236 750 2296 seniori
776 2235 885 2316 judici,
910 2249 1156 2311 commutasset;
1181 2237 1379 2319 quequidem
1404 2251 1488 2300 terre

227 2346 258 2405 in
284 2344 444 2405 territorio
469 2356 579 2404 nostro
604 2342 685 2403 inter
701 2356 799 2402 terras
816 2361 868 2402 are
886 2356 992 2403 sancte
1011 2341 1124 2403 Crucis
1147 2344 1177 2403 in
1203 2342 1326 2425 prelata
1351 2344 1486 2407 ecclesia

224 2467 330 2513 nostra
357 2449 499 2527 fundate,
523 2470 540 2510 a
565 2464 652 2530 parte
686 2449 846 2526 orientali,
880 2470 896 2510 a
923 2465 1010 2530 parte
1043 2451 1298 2531 septemtrionali
1322 2452 1373 2513 via
1398 2471 1486 2515 cont·

226 2559 343 2635 munis,
368 2578 383 2617 a
410 2572 497 2639 parte
522 2556 714 2617 occidentali
739 2571 820 2616 terre
851 2556 988 2616 arabiles
1019 2555 1186 2638 prudentis
1211 2570 1241 2618 et
1265 2557 1488 2640 circumspecti

224 2665 282 2725 viri
308 2664 445 2725 Emerici
472 2664 597 2740 literati,
616 2664 752 2723 senioris
770 2661 894 2740 judicis,
912 2683 927 2722 a
946 2677 1034 2743 parte
1052 2682 1128 2723 vero
1149 2662 1352 2726 meridionali
1371 2664 1488 2747 partim

224 2771 444 2832 intertextam
470 2770 617 2830 similiter
642 2769 739 2848 vulgo
765 2769 885 2849 Zygetb
920 2769 1036 2829 dictam
1070 2768 1236 2851 hospitalis
1266 2771 1364 2831 nostri
1390 2772 1484 2832 beate

225 2877 324 2937 Maris
349 2876 482 2955 virginis
507 2875 630 2935 habitas
654 2891 684 2934 et
716 2875 904 2948 existentes;
938 2875 1012 2934 item
1040 2889 1123 2935 mete
1148 2875 1232 2936 dicte
1256 2889 1338 2937 terre
1364 2875 1486 2959 Zygeth

223 2983 283 3044 hoc
308 2983 407 3043 modo
432 2982 680 3060 destinguuntur
705 2980 785 3041 inter
809 2980 926 3039 dictam
948 2993 1064 3040 terram
1090 2980 1211 3061 Zygeth
1238 2981 1349 3062 prelati
1375 2981 1486 3063 hospi·

223 3089 297 3150 talis
322 3089 419 3148 nostri
446 3089 537 3147 beate
564 3087 662 3146 Marie
696 3085 838 3165 virginis,
875 3106 892 3146 a
924 3093 1015 3166 parte‘
1045 3086 1204 3164 orientali,
1237 3088 1290 3148 ubi
1317 3087 1484 3169 quoddam

223 3193 376 3256 fossatum
399 3208 543 3275 tempore
566 3193 698 3273 pluviali
725 3191 869 3252 defluens
900 3192 1029 3270 mediat,
1062 3206 1133 3253 eta
1165 3207 1253 3274 parte
1279 3194 1484 3256 meridionali

223 3303 273 3361 via
298 3301 437 3382 publica,
462 3320 478 3360 a
504 3314 590 3380 parte
616 3318 690 3359 vero
715 3298 906 3358 occidentali
930 3312 1010 3358 terra
1035 3299 1157 3379 capelle
1183 3313 1289 3362 nostre
1315 3302 1483 3362 beatotum

224 3407 357 3468 Fabiani
383 3423 413 3467 et
439 3406 616 3467 Sebastiani
643 3407 807 3465 martirum
835 3404 940 3465 habita
971 3420 1000 3465 et
1025 3406 1172 3484 existens,
1196 3407 1292 3467 simul
1317 3426 1389 3468 cum
1417 3425 1487 3468 orn·

224 3515 317 3574 nibus
342 3513 462 3572 eisdem
490 3512 578 3571 terris
604 3511 794 3572 utilitatibus
819 3509 942 3592 prelato
969 3511 1076 3572 lwano
1103 3512 1229 3573 Zodecz
1254 3533 1313 3575 nec
1338 3531 1402 3573 non
1429 3511 1486 3573 do·

224 3620 310 3680 mine
338 3618 518 3679 l'etronelle
543 3618 682 3678 consorti
703 3637 784 3694 .sue,
817 3637 872 3698 per
904 3617 1037 3679 modurn
1072 3620 1301 3681 concambialis
1326 3633 1487 3700 permuta·

225 3726 326 3787 cionis
351 3745 423 3785 cum
449 3724 668 3785 additamento
694 3723 762 3785 lior.
790 3724 939 3802 duorum,
963 3724 1084 3806 prefate
1102 3726 1233 3786 ecclesie
1258 3738 1365 3786 nostre
1391 3724 1485 3802 datis,

225 3833 375 3893 dedimus
408 3832 657 3892 irrevocabiliter
689 3830 908 3911 possidendas.
946 3831 1062 3892 Datum
1095 3830 1172 3892 feria
1202 3831 1312 3911 quinta
1338 3831 1484 3910 proxima

223 3954 295 3999 ante
321 3937 436 3998 lestum
463 3941 628 3998 beatorum
663 3937 801 4017 Philippi
835 3953 865 3998 et
898 3938 1009 3998 Jacobi
1042 3938 1273 4020 apostolorum.
1299 3941 1395 3997 Anno
1422 3937 1485 3997 Do-

225 4045 305 4105 mini
333 4045 506 4105 millesimo
532 4043 793 4124 quingentesimo
818 4043 945 4104 decimo
970 4059 1093 4104 octavo.

751 4322 960 4339 —0000000—
