3428 5256
227 441 398 449 .—.--...—.
432 444 435 449 .
508 444 577 451 ..a-0.
601 445 699 450 ...—...
1028 448 1099 452 --.

758 344 844 398 Anno
868 352 956 417 1473.
1453 365 1489 426 ¹7

226 546 357 609 alterius
381 548 498 610 domus
522 569 579 611 sue
605 562 738 627 mutate,
762 569 799 610 ac
823 548 913 610 fundi
940 564 970 613 et
987 551 1210 614 hedificiorum
1235 554 1295 614 sub
1321 567 1352 614 et
1379 573 1489 635 super-

227 654 405 715 iacentibus
436 675 532 737 supra
564 654 653 716 aliud
687 655 840 716 celarium
873 676 966 717 suurn
1001 670 1162 720 muratum
1194 674 1223 719 et
1247 660 1489 720 subterraneum

226 773 309 822 retro
335 759 491 842 prefatam
516 761 650 822 domum
669 762 862 823 anteriorem
881 776 1050 842 muratam,
1069 784 1086 824 a
1104 764 1245 845 predicta
1269 765 1321 825 via
1344 785 1401 827 seu
1418 767 1484 847 pla-

225 881 274 928 tea
299 869 464 929 communi
490 889 507 929 a
532 869 772 950 septemtrione,
797 889 832 930 ac
858 870 939 932 inter
963 885 993 932 et
1011 890 1109 953 penes
1134 891 1261 932 murum
1288 872 1386 952 ipsius
1411 873 1485 933 civi·

227 974 299 1034 tatis
323 994 340 1035 a
366 988 455 1056 parte
487 975 620 1036 orientis
645 976 785 1037 habitam
819 991 849 1038 et
881 977 1100 1055 adiacentem,
1133 978 1163 1038 in
1197 977 1401 1058 longitudine
1433 979 1487 1040 de·

225 1099 388 1141 cenicum
422 1080 531 1142 medio
560 1080 689 1142 brachia
714 1080 814 1143 lerrea
841 1083 871 1143 in
901 1103 934 1144 se
957 1084 1187 1161 continentem,
1225 1084 1330 1165 ipsum
1355 1083 1487 1146 Gallum

225 1187 403 1267 emptionis
427 1187 522 1249 titulo
548 1187 721 1249 literatorie
744 1203 1003 1250 concernentem.
1028 1224 1070 1233 —
1096 1189 1172 1249 ltem
1205 1189 1337 1250 totalem
1364 1191 1488 1270 porcio·

225 1312 297 1353 nem
321 1313 412 1354 suam
437 1295 580 1356 eiusdem
606 1294 737 1356 alterius
761 1294 877 1355 domus
900 1314 956 1355 sue
975 1309 1098 1356 murare
1123 1309 1207 1355 retro
1232 1295 1328 1355 aliam
1354 1295 1487 1356 domum

224 1419 313 1460 suam
339 1399 486 1461 similiter
511 1416 679 1477 muratam,
705 1421 721 1460 a
747 1414 834 1482 parte
860 1400 1076 1478 meridionali,
1100 1401 1248 1460 similiter
1273 1419 1366 1461 muro
1392 1401 1491 1483 ipsius

224 1504 360 1565 civitatis
384 1504 592 1566 adherentem
613 1507 643 1566 in
667 1505 870 1586 longitudine
888 1506 998 1567 decem
1017 1525 1089 1566 cunr
1109 1506 1217 1567 medio
1242 1507 1370 1568 brachia
1388 1506 1489 1568 ferrea

224 1611 255 1670 in
278 1629 311 1671 se
336 1611 567 1686 continentem,
594 1631 730 1673 unacum
755 1613 817 1674 alia
849 1612 1020 1674 medietate
1054 1613 1186 1673 alterius
1212 1613 1319 1673 celarii
1346 1615 1394 1674 sui
1420 1634 1489 1675 mu·

225 1716 281 1777 rati
305 1736 364 1778 nec
389 1736 452 1778 non
478 1736 599 1798 penore
623 1719 731 1779 cloace
763 1739 817 1779 sue
852 1717 1012 1781 inferioris
1043 1719 1076 1778 in
1101 1734 1189 1800 parte
1223 1721 1391 1801 posteriori
1419 1739 1488 1801 pre·

226 1820 287 1883 late
311 1822 414 1883 tocius
439 1823 555 1883 domus
579 1836 610 1884 et
634 1821 723 1883 lundi
757 1843 854 1903 penes
879 1843 1005 1884 murum
1032 1823 1115 1883 dicte
1133 1823 1269 1884 civitatis
1295 1823 1413 1900 habita,
1432 1845 1491 1886 nec

225 1947 287 1988 non
313 1947 386 1989 curn
420 1928 560 2009 quadam
594 1948 719 1989 camera
752 1949 808 1988 sua
842 1948 937 2010 supra
970 1930 1088 1990 dictam
1123 1929 1217 1989 aliam
1244 1928 1376 1990 domum
1401 1951 1488 1991 suam

226 2047 383 2095 muratam
409 2034 528 2112 habita,
553 2034 691 2095 mediam
718 2048 863 2095 octavam
890 2036 975 2097 curie
1001 2035 1040 2095 ad
1071 2055 1162 2095 usum
1188 2035 1272 2095 dicte
1298 2036 1434 2096 civitatis
1459 2038 1489 2097 in

225 2159 257 2201 se
282 2140 519 2217 continentem,
554 2160 692 2202 unacum
730 2141 872 2222 predicta
904 2141 965 2201 alia
998 2142 1151 2222 porcione
1185 2142 1283 2223 ipsius
1309 2142 1416 2204 cloace
1441 2143 1487 2203 in-

225 2245 349 2308 ferioris
373 2248 476 2308 tocius
500 2247 616 2308 domus
640 2248 793 2308 existente
827 2263 857 2308 et
888 2247 1006 2325 habita,
1038 2250 1097 2308 sub
1134 2248 1381 2310 condicionibus
1407 2250 1488 2311 inlra

227 2351 439 2430 declarandis,
461 2353 557 2413 simul
583 2373 655 2414 cum
680 2354 832 2415 omnibus
857 2353 1072 2435 predictarum
1102 2354 1293 2434 portionum
1319 2355 1488 2417 domorum

224 2477 354 2519 suarum
381 2473 444 2519 tam
472 2474 669 2520 muratarum
696 2478 793 2541 quarn
817 2474 848 2522 et
875 2458 974 2541 lignei
1008 2460 1124 2539 operis,
1150 2458 1323 2540 fundisque
1347 2475 1377 2522 et
1403 2461 1490 2522 hedi·

226 2563 315 2642 ficiis,
341 2584 465 2626 necnon
492 2566 641 2646 predictis
666 2565 793 2626 duobus
825 2565 949 2627 celariis
977 2565 1109 2626 muratis
1132 2563 1263 2646 prelatis
1287 2567 1423 2646 provido
1456 2583 1485 2627 et

223 2673 359 2734 honesto
383 2673 453 2733 viro
480 2673 600 2733 Jacobo
625 2692 736 2754 sporar
761 2673 848 2753 prius
872 2686 902 2733 et
927 2673 989 2733 ianr
1019 2672 1144 2733 concivi
1171 2687 1279 2733 nostro
1305 2670 1372 2734 lilio
1399 2673 1487 2734 llans

223 2777 263 2838 de
287 2777 361 2839 loco
387 2778 494 2860 Pyzal,
518 2798 554 2839 ac
580 2798 636 2859 per
660 2798 734 2839 eum
751 2779 816 2839 suis
841 2778 1014 2840 heredibus
1031 2796 1089 2859 pro
1107 2778 1319 2858 quadraginta
1345 2781 1489 2860 quinque

223 2883 290 2947 flor.
314 2885 381 2945 auri
408 2904 464 2964 per
488 2884 627 2945 eundem
654 2886 808 2946 Jacobum
829 2885 934 2946 eidem
955 2883 1051 2945 Gallo
1069 2884 1169 2945 sutori
1188 2884 1360 2965 persolutis
1377 2886 1488 2946 vendi·

223 2989 319 3051 disset
343 2988 410 3068 jure
436 3003 592 3072 perpetuo
618 3004 647 3051 et
674 2991 926 3052 irrevocabiliter
960 2989 1189 3071 possidendam
1214 2989 1302 3070 juxta
1327 2992 1489 3053 condicio·

224 3114 297 3156 nem
323 3095 461 3156 civitatis
484 3110 662 3177 prenotate,
686 3097 810 3176 juribus
836 3099 976 3177 ipsarum
1002 3096 1208 3157 dominarum
1235 3098 1436 3179 Margarethe
1461 3115 1490 3159 et

225 3201 359 3282 Agnetis
383 3221 478 3283 super
502 3204 711 3284 porcionibus
745 3203 916 3264 domorum
948 3204 1087 3284 ipsarum
1121 3223 1247 3285 semper
1270 3205 1366 3265 salvis
1389 3224 1490 3266 rema·

224 3308 385 3385 nentibus,
411 3309 452 3369 ita
477 3322 595 3385 tamen,
620 3308 708 3390 quod
733 3309 840 3370 totalis
865 3310 973 3370 cloaca
998 3310 1143 3391 superior
1168 3329 1263 3391 super
1291 3329 1418 3370 murum
1445 3312 1489 3393 ip·

223 3413 288 3475 sius
313 3413 451 3475 civitatis
476 3414 507 3474 in
533 3416 686 3495 porcione
704 3415 821 3476 domus
844 3416 943 3497 ipsius
960 3416 1070 3477 Jacobi
1098 3416 1216 3497 Sporar
1240 3416 1390 3493 existens,
1416 3417 1491 3477 loco

225 3518 322 3600 ipsius
347 3517 455 3580 cloace
481 3518 640 3581 inferioris
664 3540 737 3582 curn
761 3541 873 3583 securo
899 3535 930 3584 et
947 3537 1015 3583 tuto
1042 3541 1169 3583 accessu
1194 3536 1224 3582 et
1250 3522 1381 3583 introitu
1407 3523 1488 3582 circa

224 3625 358 3687 eandem
385 3626 527 3686 cloacam
558 3627 679 3688 eisdem
706 3629 821 3708 Agneti
840 3644 870 3688 et
888 3627 1088 3709 Margaretbe
1105 3643 1135 3689 et
1160 3629 1300 3709 ipsarum
1318 3629 1491 3689 heredibus

224 3751 280 3813 per
304 3732 437 3793 modum
463 3734 692 3794 concambialis
716 3736 967 3816 permutacionis
999 3735 1158 3794 deservire
1191 3733 1306 3794 debeat
1331 3751 1360 3797 et
1385 3736 1488 3796 valeat

224 3836 291 3917 jure
316 3852 472 3919 perpetuo
496 3839 708 3920 possidenda3
733 3855 763 3900 et
788 3840 875 3922 quod
902 3842 967 3922 ipse
993 3841 1131 3901 lacobus
1147 3859 1258 3922 sporar
1282 3854 1312 3900 et
1337 3841 1403 3922 ipse
1429 3841 1486 3902 do-

225 3943 310 4004 mine
336 3944 486 4007 mulieres
510 3959 540 4005 et
566 3946 707 4026 ipsorum
738 3946 870 4007 heredes
895 3946 1067 4007 heredibus
1101 3946 1199 4028 ipsius
1232 3947 1369 4006 condam
1397 3947 1486 4009 Pauli

224 4049 383 4110 sellatoris
407 4071 423 4110 a
448 4050 546 4111 domo
572 4052 711 4133 ipsarum
739 4071 838 4132 usque
868 4071 995 4113 murum
1027 4052 1163 4111 civitatis
1194 4052 1413 4132 supradictum
1440 4055 1485 4113 vi·

223 4155 304 4234 ginti
331 4156 426 4216 trium
452 4156 656 4218 brachiorum
683 4157 858 4219 ferreorum
893 4159 924 4218 in
957 4158 1172 4238 longitudine,
1196 4177 1232 4217 ac
1258 4159 1289 4218 in
1316 4159 1488 4220 latitudine

224 4281 360 4322 amuro
383 4262 560 4324 liberorum
585 4283 642 4324 seu
675 4283 895 4325 successorum
929 4263 1066 4324 condam
1102 4263 1269 4325 Michaelis
1293 4264 1407 4344 judicis
1432 4264 1488 4325 filii

224 4366 403 4429 sebastiani
429 4368 568 4429 duorum
595 4369 799 4430 brachiorum
819 4368 994 4431 ferreorum
1014 4371 1099 4430 viam
1123 4370 1162 4430 ad
1188 4370 1294 4431 locum
1321 4372 1488 4433 necessarii

223 4473 298 4535 dare
322 4474 536 4550 tenebuntur,
561 4474 621 4536 hoc
646 4474 828 4557 specificato
854 4490 884 4538 et
909 4496 973 4537 non
1007 4477 1212 4557 pretermisso
1238 4477 1325 4557 quod
1350 4478 1488 4539 cisterna

223 4578 255 4639 in
279 4579 424 4661 predicto
450 4578 551 4640 lundo
575 4601 630 4642 seu
656 4581 742 4642 curia
775 4581 888 4663 prelati
917 4583 1026 4642 lacobi
1060 4602 1170 4664 sporar
1200 4583 1319 4660 habita,
1345 4603 1488 4645 commu·

223 4683 305 4746 niter
328 4686 480 4747 omnibus
504 4688 648 4768 partibus
672 4688 822 4750 videlicet
853 4685 984 4770 prefatis
1015 4690 1252 4751 successoribus
1285 4690 1385 4772 ipsius
1409 4710 1485 4752 con·

222 4787 297 4853 dam
322 4790 413 4853 Pauli
445 4792 604 4854 sellatoris
635 4813 761 4855 necnon
794 4793 924 4875 prelatis
955 4795 1076 4856 Jacobo
1107 4814 1218 4878 sporar
1249 4815 1284 4857 ac
1309 4798 1426 4877 Agneti
1458 4811 1488 4856 et

1382 4904 1400 4949 2
