3428 5256
228 256 263 316 16
754 260 840 315 Anno
863 268 953 334 1473.

223 484 253 531 et
278 470 586 551 quomodocumque
603 469 742 531 voluerit
760 470 845 530 iuxta
862 469 1090 530 condicionem
1107 470 1191 531 dicte
1214 469 1358 533 civitatis
1385 472 1503 557 dispo·

223 576 380 650 nendam;
406 577 456 636 cui
482 576 555 637 data
580 590 625 636 est
651 576 740 637 litera
767 590 873 636 nostra
891 574 1102 656 privilegialis
1117 595 1214 658 supet
1236 576 1353 639 eadem
1382 578 1504 659 domo,

225 682 391 763 fundoque
416 696 446 745 et
472 680 636 743 hedificiis.

328 788 425 861 Quod
459 790 532 870 quia
565 790 613 849 vir
644 788 799 870 providus
830 802 862 850 et
893 788 1142 870 circumspectus
1173 788 1339 851 lohannes
1372 790 1501 855 Bolsalc

222 895 335 973 dictus,
359 896 466 956 senior
491 895 585 975 judex
611 909 641 958 et
665 895 807 956 concivis
835 909 954 970 noster,
987 892 1071 955 filius
1103 893 1230 956 Nicolai
1255 893 1295 956 de
1321 894 1500 959 Newrem·

223 1002 346 1081 bergar,
371 1001 536 1083 quoddam
562 1001 714 1063 balneum
740 1020 833 1061 suum
852 1020 925 1061 curn
946 1000 1016 1062 eius
1038 1000 1112 1062 loco
1136 1019 1193 1063 seu
1216 1013 1299 1063 terre
1325 1002 1443 1083 spacio
1461 1004 1496 1065 in

223 1120 331 1167 nostro
355 1128 410 1168 seu
436 1108 571 1169 civitatis
595 1108 737 1189 predicte
773 1107 934 1169 territorio
959 1108 1018 1168 sub
1044 1120 1154 1169 monte
1178 1106 1323 1170 eiusdem
1348 1106 1498 1173 civitatis

223 1233 320 1293 penes
343 1228 373 1274 et
399 1213 483 1273 iuxta
509 1213 643 1274 fluvium
669 1214 820 1275 metalem
839 1214 921 1274 inter
938 1233 996 1275 nos
1018 1227 1049 1275 et
1066 1212 1253 1295 Capitulum
1279 1214 1496 1295 zagrabiense

222 1319 455 1397 decurrentem,
479 1333 510 1380 et
535 1320 615 1380 inter
641 1334 773 1401 pontem
798 1333 828 1380 et
848 1320 956 1381 locunt
975 1320 1082 1401 pontis
1106 1320 1205 1400 vulgo
1229 1318 1350 1401 Pyzani
1376 1322 1494 1385 moztb

223 1425 343 1485 dictum
368 1440 398 1486 et
422 1426 504 1487 inter
528 1425 692 1504 quoddam
719 1425 944 1486 molendinum
978 1426 1009 1485 in
1035 1425 1197 1487 territorio
1221 1438 1332 1487 nostro
1357 1445 1374 1487 a
1399 1440 1496 1509 parte

222 1531 474 1612 septemtrionali
499 1532 594 1592 situm
619 1533 724 1592 abbati
751 1532 936 1593 monasterii
954 1532 1086 1594 ecclesie
1104 1534 1196 1595 beate
1225 1532 1326 1595 Matie
1351 1532 1493 1615 virginis

222 1637 416 1715 deserviens,
449 1637 592 1698 habitum
626 1652 656 1698 et
689 1638 837 1714 existens,
868 1658 940 1699 cum
973 1639 1040 1699 suis
1072 1638 1264 1700 utilitatibus
1297 1639 1436 1721 provide
1462 1656 1495 1703 et

223 1742 355 1803 honeste
380 1743 511 1805 domine
538 1743 633 1804 Clara
658 1760 781 1821 vocate,
806 1743 869 1805 lilie
902 1744 1039 1805 condam
1075 1744 1160 1806 Luce
1184 1745 1223 1806 de
1249 1744 1494 1829 Stenycbnyak,

223 1848 331 1909 relicte
357 1849 493 1909 condam
520 1850 675 1910 lobannis
692 1849 748 1909 filii
768 1851 867 1931 ipsius
884 1850 1041 1911 ,lobannis
1060 1851 1188 1928 Bolsalc,
1214 1870 1298 1911 nunc
1316 1870 1393 1913 vero
1410 1870 1491 1915 con·

222 1954 297 2013 sorti
336 1955 496 2016 Dominici
529 1954 585 2016 lilii
619 1956 774 2017 lobannis
807 1956 991 2039 l'erowych,
1025 1957 1160 2017 senioris
1192 1956 1307 2036 judicis
1338 1970 1370 2019 et
1394 1957 1494 2039 jurati

223 2061 332 2137 nostri,
358 2061 388 2120 in
414 2080 657 2142 recompensam
684 2062 768 2121 dotis
793 2078 822 2122 et
851 2081 958 2122 rerum
991 2082 1119 2123 suatum
1154 2061 1427 2144 paraffernalium,
1452 2083 1492 2127 ac

222 2186 277 2245 per
302 2186 371 2226 eam
398 2167 463 2226 suis
488 2166 659 2227 heredibus
681 2167 818 2228 dedisset
837 2181 866 2227 et
890 2168 1078 2228 contulisset
1096 2168 1163 2249 jure
1182 2182 1338 2249 perpetuo
1362 2182 1394 2231 et
1412 2168 1494 2233 irte-

222 2272 409 2332 vocabiliter
442 2272 671 2353 possidendum
706 2288 736 2333 et
767 2273 852 2352 juxta
893 2272 1117 2334 condicionem
1152 2274 1289 2335 civitatis
1321 2287 1493 2355 prenotate

222 2379 531 2459 quomodocumque
558 2380 695 2440 voluerit
720 2379 977 2461 disponendum
1014 2381 1062 2441 cui
1095 2381 1168 2442 data
1194 2394 1240 2442 est
1265 2380 1355 2441 litera
1381 2396 1493 2445 nostre

223 2485 464 2546 communitatis
488 2486 707 2567 privilegialis¹

328 2590 425 2661 Quod
451 2592 526 2671 qaia
561 2590 608 2650 vir
642 2591 795 2671 providus
828 2590 943 2652 Gallus
975 2604 1063 2652 sutor
1095 2590 1180 2653 lilius
1204 2592 1332 2654 Andree
1357 2592 1398 2653 de
1423 2592 1492 2654 Du·

222 2698 333 2777 hycza,
357 2696 464 2756 senior
488 2697 608 2776 juratus
626 2711 655 2756 et
673 2697 813 2756 concivis
831 2711 949 2773 noster,
971 2696 1124 2757 directam
1150 2711 1180 2759 et
1198 2699 1347 2779 equalem
1366 2698 1491 2760 medie-

221 2817 317 2861 tatem
343 2802 508 2862 cniusdam
535 2801 651 2862 domus
676 2822 731 2861 sue
750 2817 883 2877 mutate,
909 2822 945 2862 ac
964 2802 1070 2863 celarii
1100 2805 1147 2864 sui
1174 2804 1301 2879 murati,
1327 2802 1487 2885 fundique

221 2921 249 2968 et
276 2907 498 2968 hediticiurnm
523 2908 627 2968 eidem
654 2907 764 2968 domui
792 2923 915 2968 mutate
948 2910 1007 2968 sub
1033 2924 1062 2968 et
1097 2908 1319 2988 adjacentibus
1344 2910 1374 2970 in
1402 2908 1488 2971 dicta

221 3013 347 3073 civitate
373 3033 472 3093 prope
499 3028 623 3093 portam
647 3013 791 3073 eiusdem
823 3014 959 3075 civitatis
984 3013 1155 3095 lapideam,
1180 3034 1216 3075 ac
1239 3015 1322 3076 inter
1340 3014 1488 3092 domum,

220 3116 422 3198 fundumque
449 3133 478 3178 et
503 3117 650 3178 hedificia
669 3118 842 3178 liberorum
868 3138 924 3179 seu
941 3138 1160 3179 successorum
1186 3120 1324 3181 condam
1350 3118 1483 3201 Georgii

220 3225 378 3285 sellatoris
403 3222 459 3283 lilii
486 3224 622 3299 Nicolai,
648 3238 677 3283 et
703 3224 882 3285 Clementis
914 3222 1081 3305 frenipatis
1113 3222 1170 3285 filii
1199 3225 1307 3303 Blasii,
1331 3226 1410 3287 olim
1436 3225 1485 3301 ju-

221 3331 277 3390 rati
315 3345 344 3389 et
369 3330 551 3391 concivium
577 3345 772 3405 nostrorum,
804 3332 843 3389 ah
876 3330 1054 3408 occidente,
1087 3350 1123 3392 ac
1157 3332 1238 3393 inter
1263 3332 1400 3414 plateam
1427 3352 1485 3393 seu

221 3436 304 3496 viam
330 3455 548 3513 communem,
573 3458 590 3495 a
615 3436 854 3517 septemtrione,
879 3455 913 3495 ac
948 3436 1030 3497 inter
1062 3452 1093 3499 et
1125 3457 1222 3519 penes
1248 3456 1375 3499 mutum
1401 3436 1485 3498 eiua·

221 3543 294 3603 dem
320 3543 456 3603 civitatis
480 3545 519 3603 ab
544 3544 667 3604 oriente
702 3541 854 3619 habitant,
887 3562 980 3603 muro
1012 3544 1149 3606 civitatis
1178 3544 1362 3625 supradicto
1387 3542 1486 3604 adbe-

221 3663 354 3711 rentem.
372 3684 413 3695 —
432 3650 509 3710 ltem
527 3650 658 3709 totalem
678 3649 865 3730 porcionem
884 3648 1050 3711 cuiusdam
1069 3648 1159 3711 fundi
1177 3651 1224 3711 sui
1249 3664 1333 3711 retro
1351 3650 1485 3711 domum

221 3754 360 3833 ligneam
395 3754 591 3835 prelatorum
626 3755 801 3816 liberorum
833 3775 889 3816 seu
930 3776 1149 3818 successorum
1182 3756 1319 3817 condam
1353 3754 1486 3837 Georgii

220 3860 380 3921 sellatoris
411 3874 442 3920 et
474 3860 652 3921 Clementis
685 3858 873 3942 fteniparis,
904 3882 921 3922 a
954 3877 1042 3943 parte
1076 3860 1325 3943 septemtrionis,
1349 3874 1379 3920 et
1405 3860 1488 3923 inter

222 3966 305 4025 viam
333 3966 466 4026 liberam
493 3980 523 4026 et
547 3986 690 4027 securam
716 3967 755 4027 ad
789 3982 912 4047 portam
947 3968 1049 4030 tocius
1080 3967 1197 4029 domus
1228 3966 1259 4027 in
1286 3981 1373 4047 parte
1398 3980 1486 4027 ante·

221 4072 294 4132 riori
321 4074 424 4147 sitam,
450 4092 484 4131 ac
510 4072 548 4131 ati
571 4074 712 4133 cloacam
732 4074 762 4133 in
783 4089 870 4153 parte
888 4074 1058 4155 posteriori
1075 4074 1180 4134 tocius
1195 4072 1313 4134 domus
1339 4092 1375 4131 ac
1394 4070 1485 4133 tundi

222 4180 301 4238 inira
327 4178 552 4239 declarandam
579 4180 762 4257 ducentem,
788 4199 881 4241 muto
899 4181 998 4261 ipsius
1026 4178 1165 4241 civitatis
1188 4179 1409 4256 adherentem,
1427 4198 1486 4239 nec

221 4306 284 4345 non
312 4286 393 4345 inter
418 4286 553 4345 alonium
579 4302 608 4347 et
635 4286 770 4347 landum
796 4307 832 4347 ac
855 4286 1003 4349 hedificia
1028 4286 1205 4349 liberorum
1231 4286 1368 4348 condam
1396 4286 1485 4347 l‘auli

220 4392 389 4469 sellatoris,
414 4393 492 4453 olim
519 4394 610 4469 jurati
636 4409 666 4454 et
691 4394 831 4454 concivis
856 4394 966 4471 nostri,
990 4414 1007 4455 a
1038 4390 1217 4454 meridiane
1242 4408 1272 4454 et
1296 4394 1336 4454 ab
1362 4394 1485 4455 oriente

220 4498 311 4559 sitam
338 4514 367 4558 et
392 4499 592 4574 existentem,
626 4500 656 4559 in
690 4520 752 4579 qua
787 4514 874 4580 parte
908 4496 999 4561 fundi
1031 4496 1167 4561 cisterna
1199 4495 1400 4581 infrascripta
1425 4498 1484 4559 sita

220 4604 287 4664 l'ore
313 4604 508 4685 perhibetur,
533 4624 629 4665 ttnatm
656 4605 687 4665 in
712 4619 780 4667 toto
812 4618 959 4687 quartam
991 4604 1079 4667 curie
1101 4602 1140 4665 ad
1175 4622 1268 4666 usum
1294 4605 1380 4667 dicte
1403 4604 1485 4667 civi-

221 4710 294 4771 tatis
319 4710 350 4771 in
375 4730 408 4771 se
434 4712 662 4773 continentem.
686 4748 730 4759 -
754 4710 832 4775 ltem
857 4710 1010 4772 directam
1043 4722 1074 4773 et
1097 4708 1245 4791 equalem
1273 4708 1482 4773 medietatem
