3428 5256
425 1347 554 1446 (Anno
583 1343 740 1433 Domini
766 1340 1142 1442 MCGOOLXXVHI).

682 1599 728 1673 (2.
763 1593 889 1664 martti).

261 1774 329 1835 Nos
364 1774 579 1834 communitas
620 1773 738 1834 civium
778 1771 914 1835 civitatis
946 1772 1237 1852 Montisgrecensis.
1263 1772 1419 1832 Memorio

154 1878 422 1941 commendamus
445 1892 557 1940 tenore
582 1879 783 1961 presencium
812 1878 1028 1960 significantes
1053 1878 1170 1959 quibus
1196 1877 1323 1959 expedit
1349 1878 1418 1938 uni-

155 1986 264 2049 versis.
290 1984 388 2059 Quod
414 1986 489 2066 quia
522 1985 656 2066 provida
689 1985 805 2046 mulier
836 1986 973 2045 condam
1007 1983 1173 2045 Elisabeth
1207 1996 1329 2061 vocata,
1354 1983 1418 2044 alio

155 2093 288 2155 nomine
314 2091 426 2154 Glazia
451 2093 691 2173 cognominata,
724 2092 833 2153 relicta
858 2091 915 2153 viri
941 2091 1088 2152 similiter
1121 2089 1246 2172 providi
1279 2088 1417 2151 condam

156 2198 286 2262 Thome
309 2199 437 2279 sutoris,
461 2198 539 2260 olim
566 2199 706 2260 concivis
738 2199 848 2277 nostri,
872 2198 983 2259 divino
1015 2211 1094 2258 nutu
1118 2199 1239 2277 absque
1263 2196 1418 2257 heredum

155 2305 277 2368 solacio
300 2325 336 2367 ac
354 2307 498 2368 intestata
517 2306 556 2366 de
582 2305 638 2367 hac
664 2306 734 2367 luce
759 2305 936 2366 dinoscitur
959 2304 1142 2381 decessisse,
1167 2318 1197 2364 et
1221 2303 1296 2384 quia
1321 2323 1370 2363 res
1387 2316 1419 2364 et

157 2413 242 2474 bona
267 2411 401 2473 mobilia
426 2426 457 2473 et
481 2412 661 2472 immobilia
686 2412 802 2493 quovis
831 2411 971 2473 nominis
1002 2411 1161 2471 vocabulo
1186 2410 1322 2470 vocitata
1349 2410 1418 2470 uni·

157 2537 320 2580 versorum
346 2518 529 2580 concivium
546 2532 728 2578 nostrorum
746 2517 853 2579 taliter
876 2517 1027 2579 videlicet
1051 2519 1171 2598 absque
1196 2515 1350 2576 heredum
1368 2535 1418 2576 so·

157 2623 241 2686 lacio
265 2637 296 2685 et
319 2624 386 2684 sine
411 2624 624 2685 testamentali
642 2624 860 2706 disposicione
878 2623 1120 2700 decedencium,
1138 2622 1223 2701 juxta
1248 2621 1416 2703 privilegia

157 2750 174 2792 a
191 2730 274 2792 divis
289 2731 419 2811 regibus
437 2730 601 2812 Hungarie
620 2744 678 2794 etc.
704 2730 827 2791 dudum
846 2730 939 2791 nobis
962 2750 998 2790 ac
1025 2729 1147 2790 civibus
1171 2726 1331 2807 (civitatis)
1348 2746 1418 2808 pre·

158 2835 220 2899 iste
239 2856 389 2898 concessa
411 2850 441 2897 et
459 2837 663 2898 laudabiliter
688 2836 854 2918 hucusque
879 2850 964 2898 tenta
982 2851 1012 2898 et
1029 2848 1225 2912 conservata,
1241 2833 1346 2894 taliter
1372 2834 1418 2894 di-

159 2955 333 3004 noscuntur
350 2942 491 3003 ordinari
509 2956 539 3003 et
556 2942 683 3024 disponi
701 2962 737 3003 ac
761 2942 948 3024 dispensari,
973 2941 1061 3023 quod
1079 2941 1143 3002 due
1167 2954 1272 3022 partes
1297 2940 1419 3021 integre

157 3050 305 3111 omnium
322 3048 434 3109 talium
460 3067 565 3109 rerum
591 3048 762 3109 mobilium
780 3062 810 3108 et
834 3048 1052 3109 immobilium
1070 3048 1186 3123 taliter,
1219 3047 1263 3108 uti
1289 3046 1416 3124 dicitur,

158 3154 388 3218 decedencium
420 3174 457 3215 ac
481 3155 521 3215 de
553 3153 611 3215 hac
638 3154 707 3217 luce
732 3154 945 3234 migrantium
972 3154 1013 3215 ad
1036 3154 1108 3235 pios
1139 3173 1214 3214 usus
1239 3171 1418 3234 pauperum

159 3276 191 3325 et
209 3280 385 3343 egenorum
411 3280 446 3321 ac
471 3259 510 3321 ad
538 3259 671 3322 labricas
695 3261 899 3321 ecclesiarum
934 3274 1007 3320 sunt
1040 3279 1095 3342 per
1120 3279 1178 3320 uos
1203 3258 1365 3339 eroganda
1390 3274 1421 3319 et

160 3367 386 3450 dispensanda,
412 3368 506 3428 tercia
532 3387 608 3427 vero
626 3387 696 3449 pars
712 3367 826 3428 talium
843 3386 949 3427 rerum
975 3380 1081 3427 nostre
1105 3366 1330 3427 communitati
1348 3367 1419 3426 usui

160 3473 414 3537 dinosciturfore
432 3473 667 3534 cedendaacad
679 3487 819 3535 nostram
838 3474 1103 3534 communitatem
1121 3472 1421 3549 condescendendo,

160 3580 245 3642 unde
271 3600 330 3643 nos
353 3593 479 3642 maturo
504 3599 600 3661 super
623 3579 685 3640 hiis
709 3580 845 3641 consilio
878 3579 1046 3662 prehabito
1071 3579 1155 3639 iuxta
1181 3591 1329 3639 contenta
1356 3577 1421 3638 dic·

160 3699 266 3749 torum
285 3699 466 3748 nostrorum
492 3686 735 3766 privilegiorum
761 3700 792 3747 et
809 3685 1077 3746 consvetudinum
1098 3686 1137 3745 ab
1160 3684 1294 3764 antiquo
1312 3683 1421 3744 lauda-

160 3792 267 3855 biliter
290 3812 347 3874 per
371 3793 611 3874 predecessores
628 3807 754 3853 nostros
771 3807 801 3853 et
823 3812 881 3853 nos
905 3794 1159 3867 observatorum,
1184 3789 1277 3851 civile
1302 3804 1332 3849 et
1351 3788 1421 3850 lun·

159 3899 249 3978 dum,
281 3918 406 3962 necnon
440 3900 560 3960 curiam
595 3913 625 3960 et
657 3899 772 3960 domos
806 3919 878 3960 cum
911 3899 1029 3960 celario
1061 3899 1268 3958 subterraneo
1301 3896 1421 3957 ibidem

160 4003 271 4068 habito
295 4005 391 4067 simul
416 4025 489 4066 cum
515 4005 686 4067 medietate
720 4006 855 4067 cisterne
888 4021 917 4066 et
946 4006 1009 4065 loci
1042 4004 1209 4065 necessarii
1234 4023 1291 4064 seu
1315 4003 1422 4064 cloace

162 4110 321 4173 infundo
346 4112 405 4173 viri
429 4112 578 4173 similiter
603 4112 729 4194 providi
755 4111 909 4173 Demetrii
943 4111 1070 4172 sartoris
1103 4110 1199 4170 vicini
1224 4110 1272 4169 sui
1298 4109 1422 4170 habito·

161 4236 244 4295 rum,
268 4218 412 4280 eiusdem
450 4218 587 4279 condam
626 4218 792 4280 Elizaheth
830 4218 942 4279 Glazia
975 4232 1105 4295 vocate,
1140 4236 1202 4297 que
1240 4231 1273 4277 ut
1308 4216 1424 4276 dicitur

161 4324 284 4405 absque
309 4324 461 4386 heredum
487 4324 608 4385 solacio
633 4338 664 4385 et
689 4325 835 4385 intestata
861 4325 900 4385 de
936 4323 993 4384 hac
1021 4324 1090 4385 luce
1115 4323 1292 4384 dinoscitur
1316 4322 1422 4383 deces-

162 4430 238 4493 sisse
264 4431 296 4492 in
321 4431 404 4493 dicta
429 4447 535 4493 nostra
553 4432 679 4492 civitate
699 4430 817 4509 habita,
842 4452 859 4492 a
884 4446 971 4512 parte
989 4430 1138 4491 videlicet
1161 4430 1309 4491 orientali
1325 4448 1425 4511 penes

164 4537 247 4601 viem
276 4538 450 4622 publicam,
475 4558 537 4620 qus
563 4539 625 4599 itur
650 4539 689 4600 de
713 4553 815 4600 teatro
839 4558 948 4599 versus
973 4556 1102 4619 parvam
1128 4552 1252 4620 portam
1279 4535 1423 4598 eiusdem

164 4642 311 4724 civitatis,
334 4665 352 4707 s
377 4659 464 4728 parte
489 4665 565 4707 vero
590 4645 794 4707 meridionali
821 4664 919 4727 penes
943 4644 1078 4706 fundum
1102 4663 1158 4705 seu
1182 4642 1275 4705 civile
1300 4643 1359 4703 viri
1382 4642 1423 4702 si·

166 4750 286 4821 utiliter
308 4752 436 4843 providi
463 4752 617 4823 Demetrii
638 4753 769 4825 sartoris
784 4752 970 4839 supradicti,
986 4750 1134 4815 similiter
1156 4750 1298 4817 concivis
1314 4747 1425 4829 nostrl,
