3428 5256
227 361 288 426 174
769 343 950 403 lavendario.

329 554 417 633 Item,
443 554 563 636 phisica
588 555 743 631 Anicene,
769 554 800 614 in
822 573 888 635 quo
905 553 1071 615 volumine
1089 554 1294 616 continentur
1318 552 1410 614 multi
1429 552 1488 613 alii

222 673 384 739 tractatus,
409 675 440 723 et
453 661 564 742 incipit
582 661 612 722 in
639 662 730 742 nigro
751 661 866 722 »Liber
891 661 948 722 iste
972 659 1125 722 dividitur
1143 661 1173 721 in
1192 674 1330 742 quatuor
1347 671 1492 741 partes«,

223 780 253 827 et
277 766 347 830 finit
371 768 402 828 iu
429 767 530 849 prima
554 767 670 849 pagina
694 767 826 828 secundi
850 765 918 828 lolii
946 767 1004 828 »sit
1037 765 1207 848 quodlibet
1231 766 1428 847 singulare«,
1455 779 1488 825 et

223 874 255 934 ln
280 872 342 936 fine
368 874 439 936 libri
465 873 534 935 finit
561 893 686 956 »neque
712 872 866 935 formatus
892 873 922 934 in
948 873 1100 936 litterase.

329 999 418 1078 Item,
442 999 586 1060 Auicena
603 998 642 1060 de
666 999 824 1079 regimIne
841 998 996 1076 sanitatis,
1020 1011 1051 1059 et
1069 997 1182 1081 incipit
1209 996 1317 1079 »quod
1342 995 1488 1076 regimen

222 1105 366 1166 sanitatis
389 1105 429 1166 sit
453 1105 702 1183 necessarium«,
727 1119 757 1165 et
783 1105 814 1165 in
840 1103 901 1165 fine
921 1104 1021 1186 prime
1040 1104 1156 1186 pagine
1174 1103 1306 1165 secundi
1332 1100 1400 1163 lolii
1417 1099 1491 1162 finit

226 1211 401 1290 »indigenti
433 1211 675 1289 calidioribus«,
708 1225 739 1273 et
771 1211 802 1272 in
836 1210 898 1272 fine
931 1211 1004 1271 libri
1036 1209 1106 1272 finit
1142 1225 1192 1272 »et
1216 1211 1316 1291 longo
1340 1224 1488 1290 tempore

223 1332 342 1379 vivat«.

332 1443 423 1520 Item,
436 1443 517 1504 liber
534 1441 835 1524 Anpharismorum,
849 1443 959 1525 incipit
978 1443 1059 1504 »vita
1074 1443 1190 1523 brevis,
1201 1462 1250 1503 ars
1268 1461 1343 1502 vero
1356 1441 1488 1521 longa«,

224 1562 254 1609 et
280 1548 310 1610 in
336 1547 398 1611 fine
424 1549 526 1630 prime
551 1549 667 1631 pagine
684 1550 816 1611 secundi
834 1548 903 1611 Iolii
921 1549 990 1611 finit
1018 1548 1207 1612 »confestim
1231 1547 1487 1625 subtillissimaa,

223 1668 253 1716 et
278 1655 308 1715 in
334 1654 396 1716 fine
429 1655 501 1716 libri
534 1652 604 1716 finit
627 1674 700 1717 cum
724 1656 861 1741 ,rubrIca
897 1656 1054 1738 »Explicit
1078 1671 1263 1718 comentum
1297 1654 1362 1715 Alii
1388 1672 1486 1736 supet

223 1760 485 1843 Themgalieni«.

330 1885 419 1964 Item,
444 1886 526 1947 liber
550 1885 706 1947 lobannis
724 1887 924 1966 Damasceni,
949 1902 979 1948 et
996 1888 1107 1970 incipit
1127 1888 1259 1948 »liberet
1283 1900 1312 1947 te
1338 1885 1417 1947 deus
1440 1882 1484 1946 fili

222 1992 473 2071 amantissime«,
498 2007 529 2054 et
553 1991 622 2053 finit
647 1993 677 2053 in
703 1993 805 2075 prima
830 1994 946 2076 pagina
971 1994 1101 2056 secundi
1128 1991 1197 2055 Iolii
1227 1993 1320 2073 »qula
1348 1990 1488 2052 medIca·

223 2099 309 2159 mina
334 2113 364 2162 et
388 2099 450 2160 alia
474 2100 630 2181 opuscula
655 2099 686 2160 in
711 2119 777 2178 se«,
811 2100 897 2162 etin
931 2100 992 2161 fine
1018 2100 1091 2162 libri
1116 2098 1185 2161 finit
1223 2098 1381 2180 »Explicit
1404 2097 1487 2159 liber

223 2205 262 2264 de
288 2205 444 2286 regimme
465 2205 642 2266 sanitatis«.

328 2328 418 2406 Item,
445 2328 526 2389 liber
550 2329 643 2411 Raby
668 2329 774 2407 Moiai,
799 2330 854 2411 qui
881 2331 992 2413 incipit
1017 2331 1049 2392 in
1078 2330 1171 2412 nigro
1198 2330 1251 2391 »In
1277 2328 1408 2390 nomine
1434 2327 1486 2389 dei

223 2435 267 2517 pii
293 2448 324 2495 et
349 2433 598 2512 misericordis«,
623 2448 654 2497 et
670 2435 702 2496 in
727 2435 790 2497 fine
807 2437 909 2518 prime
934 2437 1049 2518 pagine
1066 2429 1198 2498 secundi
1223 2434 1292 2497 folii
1317 2435 1386 2497 finit
1409 2453 1483 2496 cum

222 2541 347 2602 rubrica
376 2542 565 2603 »virtutibus
590 2554 620 2602 et
644 2542 925 2623 operacionibus«,
950 2556 980 2604 et
1004 2543 1036 2604 in
1061 2540 1123 2604 fine
1149 2542 1222 2603 libri
1246 2541 1316 2603 finit
1340 2560 1412 2602 cum
1431 2558 1483 2601 ru·

223 2647 309 2708 brica
336 2647 496 2729 »Explicit
518 2659 669 2708 tractatus
692 2648 835 2709 Auicene
853 2648 892 2710 de
917 2649 1084 2710 medicinis
1108 2648 1334 2712 cordialibus«.

329 2771 418 2850 Item,
443 2772 705 2834 Anthidotarium
723 2773 859 2851 Nicolai,
877 2787 908 2836 et
925 2774 1036 2856 incipit
1063 2774 1152 2855 »Ego
1177 2774 1331 2835 Nicolaus
1355 2786 1485 2853 rogatus

222 2898 240 2940 a
264 2877 490 2959 quibusdam«,
515 2891 546 2939 et
569 2878 664 2939 habet
688 2879 720 2939 in
745 2877 806 2939 fine
829 2879 902 2940 libri
926 2880 1108 2941 sinnonima
1134 2880 1209 2941 dicti
1235 2879 1352 2961 operis.

330 3001 418 3079 Item,
443 3021 526 3062 unus
550 3002 631 3062 liber
648 3002 937 3084 Anpharismotum
963 3004 1117 3066 Iohannis
1136 3004 1337 3082 Damasceni,
1362 3003 1483 3065 habens

224 3109 255 3169 in
281 3108 440 3190 principio
465 3107 546 3169 duos
571 3122 717 3170 caternos
741 3108 781 3171 de
814 3129 889 3171 cura
921 3108 1070 3189 febrium,
1095 3125 1125 3172 et
1158 3110 1269 3192 incipit
1296 3110 1429 3171 »liberet
1452 3124 1484 3173 te

225 3216 337 3295 deus«,
368 3229 400 3277 et
431 3216 574 3277 continet
605 3216 704 3276 eciam
742 3216 773 3276 in
805 3236 838 3277 se
873 3236 974 3278 unum
999 3217 1191 3298 opusculum
1224 3217 1403 3293 metricum,
1428 3216 1483 3297 qui

223 3322 420 3404 appellatur:
442 3321 635 3398 »Viaticus‹,
660 3335 690 3382 et
708 3321 803 3383 habet
827 3323 935 3404 aliqua
952 3324 1106 3404 opuscula
1131 3336 1202 3405 post
1226 3343 1259 3384 se
1284 3323 1315 3383 in
1340 3321 1483 3403 quodam

223 3429 399 3507 volumIne,
424 3429 491 3490 sine
516 3429 685 3506 asseribus,
711 3444 741 3490 et
765 3430 797 3490 in
822 3428 885 3491 fine
909 3429 982 3490 libri
1015 3427 1086 3490 finit
1113 3448 1228 3510 »quam
1254 3447 1319 3489 non
1344 3443 1390 3490 est
1413 3444 1484 3490 tan·

222 3555 297 3616 gere
321 3535 469 3617 dignus«.

329 3642 419 3719 Item,
443 3641 526 3703 alius
550 3641 631 3702 liber
655 3640 695 3702 de
719 3640 920 3722 slmplicibus
937 3639 1116 3717 medicinis,
1143 3654 1174 3702 et
1198 3641 1309 3721 incipit
1333 3640 1363 3700 in
1391 3641 1484 3721 nigro

227 3768 311 3810 »non
330 3747 408 3809 mihi
427 3767 555 3810 necesse
573 3762 651 3824 est«,
677 3747 754 3808 etin
772 3745 835 3808 fine
853 3746 926 3808 libri
945 3745 1014 3807 finit
1034 3765 1108 3828 »per
1120 3766 1153 3807 se
1177 3747 1201 3806 si
1219 3746 1296 3806 deus
1313 3746 1484 3809 voluerit«.

331 3874 420 3953 Item,
445 3874 535 3955 glose
561 3893 657 3955 super
681 3873 798 3934 librum
832 3873 949 3951 Tegni,
975 3885 1005 3932 et
1043 3871 1153 3951 inprit
1187 3870 1360 3950 »quoniam
1386 3890 1484 3933 omne

225 3982 346 4041 bonum
372 3981 538 4042 desursum
565 3995 644 4056 est«,
669 3994 700 4041 et
725 3980 756 4040 in
785 3977 847 4039 fine
880 3979 982 4059 prime
1015 3976 1129 4058 pagine
1162 3975 1293 4035 sacundi
1320 3975 1388 4036 lolii
1415 3975 1485 4039 finit

228 4087 334 4167 »quod
362 4087 481 4148 utilitas
506 4107 541 4148 ex
560 4086 653 4162 hoc«,
679 4101 709 4146 et
734 4086 765 4146 in
791 4084 853 4145 fine
871 4084 942 4144 libri
961 4081 1028 4144 finit
1058 4080 1106 4140 »hi
1125 4080 1229 4140 sciunt
1254 4081 1285 4140 iu
1312 4096 1484 4163 utroque«.

330 4209 418 4287 Item,
443 4210 524 4271 liber
548 4210 622 4271 artis
654 4209 825 4286 medicine,
850 4208 905 4288 qui
938 4206 1071 4267 dicitur:
1100 4202 1248 4282 »Regalis
1272 4202 1483 4285 disposicio«,

224 4330 255 4377 et
280 4315 392 4396 incipit
417 4317 447 4375 in
474 4317 566 4396 nigro
594 4316 714 4397 »prima
740 4315 835 4376 huius
859 4313 994 4392 operis«,
1020 4324 1049 4371 et
1074 4322 1119 4369 est
1145 4307 1184 4367 de
1208 4306 1312 4369 littera
1337 4311 1485 4392 antiqua,

223 4423 292 4483 sine
317 4422 531 4503 coopertorio.

330 4545 419 4622 Item,
445 4546 525 4606 liber
551 4545 702 4627 lpocratis
726 4545 765 4607 de
791 4559 901 4606 natura
919 4540 1010 4616 letus,
1035 4550 1066 4600 et
1090 4534 1200 4617 inprit
1229 4534 1271 4594 »si
1296 4555 1423 4617 sperma
1440 4542 1481 4603 ab

225 4664 362 4732 utroque
394 4652 637 4733 permanserit«,
669 4665 700 4713 et
732 4652 763 4712 in
788 4648 850 4710 fine
883 4647 955 4708 libri
987 4642 1057 4706 finit
1090 4639 1160 4700 »dic
1184 4636 1324 4701 humana
1349 4655 1482 4708 natura:

226 4756 295 4819 Deo
317 4756 467 4839 gratias«.
