3428 5256
257 1609 458 1667 Inventarium
481 1607 659 1666 cathedralis
688 1605 800 1666 ecclesie
829 1605 1041 1680 sagrabiensis,
1072 1608 1208 1680 scriptum
1231 1625 1309 1665 circa
1332 1626 1401 1670 ann.
1427 1619 1518 1684 1425.

362 1960 450 2037 Item,
476 1978 537 2019 una
562 1978 657 2039 parva
682 1978 759 2021 crux
783 1958 821 2018 de
838 1978 928 2038 auro,
952 1959 985 2021 in
1009 1973 1137 2040 quaest
1161 1959 1285 2039 lignum
1305 1958 1429 2038 Crucis,
1454 1977 1517 2039 que

257 2086 352 2148 super
375 2066 519 2147 plenarIo
543 2064 624 2125 solet
649 2065 736 2145 poni.

361 2171 451 2248 Item,
477 2171 557 2232 liber
582 2170 847 2251 ewangeliorum,
872 2189 970 2231 manu
1002 2171 1102 2232 sancti
1129 2171 1214 2232 Luce
1240 2170 1459 2250 ewangeliste,
1485 2183 1519 2230 ut

256 2279 415 2355 asseritur,
439 2277 584 2357 scriptus,
609 2296 689 2357 puro
707 2289 838 2357 argento
856 2290 1036 2358 coopertus,
1050 2275 1168 2358 figuras
1192 2274 1343 2339 Crucifisi
1369 2289 1399 2336 et
1424 2277 1517 2338 beate

258 2385 356 2446 Marie
381 2383 513 2464 virginis
538 2383 715 2446 continens.

362 2490 451 2567 Item,
476 2489 668 2570 plenarium,
692 2489 725 2550 in
750 2508 815 2569 quo
838 2502 884 2549 est
901 2489 1050 2550 nativitas
1074 2488 1193 2551 Christi
1210 2488 1333 2571 sculpta
1357 2507 1430 2550 curn
1448 2487 1519 2549 aliis

257 2598 406 2680 hystoriis
432 2598 462 2657 in
488 2598 595 2674 ebore,
621 2596 788 2659 continens
813 2595 845 2655 in
869 2616 902 2657 se
927 2596 1178 2678 circumquaque
1207 2595 1330 2678 lapides
1353 2592 1435 2656 infru
1461 2594 1518 2656 de·

257 2702 435 2780 clarandos,
461 2701 626 2763 videlicet:
664 2702 696 2762 in
732 2701 840 2762 medio
865 2715 895 2763 et
920 2699 1000 2763 infra
1026 2702 1057 2762 in
1092 2702 1242 2784 opposito
1277 2701 1359 2762 duos
1394 2700 1519 2783 lapides

257 2829 393 2891 magnos
416 2808 556 2890 tapasios
581 2807 842 2888 precIosissimos.

363 2915 451 2992 Item,
476 2913 563 2975 aliud
589 2913 768 2995 plenarium
795 2927 850 2990 est,
876 2913 1044 2975 continens
1060 2912 1244 2994 ymaginem
1271 2914 1361 2974 beate
1385 2911 1519 2993 virginis

257 3023 453 3099 deauratam,
479 3019 557 3081 facie
581 3035 747 3101 tamquam
765 3019 904 3080 humana
921 3033 1071 3101 aparente
1088 3038 1193 3097 carne,
1218 3019 1250 3079 in
1269 3019 1359 3080 cuius
1383 3019 1519 3080 circum·

257 3128 390 3190 ferentia
415 3142 461 3187 est
488 3131 575 3188 »Ave
602 3127 733 3202 Maria«,
762 3126 929 3207 disculpta.

364 3234 452 3311 Item,
477 3250 522 3294 est
547 3232 635 3293 aliud
661 3233 851 3313 plenarium,
876 3232 950 3292 satis
979 3250 1144 3311 magnum,
1176 3230 1215 3292 de
1238 3250 1397 3293 marmore
1423 3232 1516 3293 viridi

257 3341 347 3402 mixti
372 3340 499 3416 coloris,
525 3352 657 3418 argento
682 3338 836 3399 deaurato
861 3339 1112 3419 circumquaque
1137 3338 1333 3401 ordinatum.

363 3447 451 3523 Item,
476 3460 549 3505 sunt
573 3447 638 3505 duo
664 3445 806 3526 plenaria
832 3444 982 3505 deaurata
1016 3445 1047 3505 in
1082 3445 1260 3526 quantitate
1285 3459 1316 3507 et
1340 3465 1437 3528 opere
1463 3465 1519 3529 per

258 3552 366 3613 omnia
393 3552 582 3628 consimilia,
607 3571 705 3611 unum
732 3552 915 3632 ymaginem
930 3548 1081 3611 Crucifixi
1100 3564 1131 3612 et
1154 3551 1242 3612 aliud
1268 3550 1401 3632 liguram
1427 3553 1519 3616 beate

258 3658 390 3738 virginis
417 3658 447 3717 in
474 3656 581 3717 medio
607 3658 787 3733 continens,
804 3657 949 3738 pluribus
967 3657 1064 3738 perlis
1089 3657 1275 3719 decoratum
1301 3672 1331 3718 et
1349 3659 1520 3740 lapidibus.

366 3781 455 3856 Item,
482 3799 579 3840 unum
600 3779 880 3857 Benediccionale,
906 3801 942 3842 ex
967 3801 1028 3841 una
1046 3797 1134 3862 parte
1159 3795 1291 3862 argento
1317 3798 1518 3864 coopertum,

257 3887 356 3968 figura
381 3888 478 3947 sancti
505 3886 587 3967 regis
612 3885 764 3966 Stephani
783 3887 842 3947 sibi
863 3887 1016 3968 inpressa,
1040 3887 1123 3949 inter
1140 3887 1292 3969 reliquias
1316 3887 1518 3970 deputatum.

363 3993 452 4069 Item,
478 4012 577 4052 unum
604 3992 736 4069 monile,
760 4013 865 4053 naswa
899 3993 1031 4070 dictum,
1064 3993 1144 4054 duas
1175 3990 1292 4074 figuras
1316 3993 1462 4056 leoninas
1486 3996 1519 4059 in

257 4119 290 4160 se
315 4099 493 4175 continens,
519 4098 690 4178 lapidibus,
716 4098 788 4159 licet
814 4119 878 4159 non
905 4100 1056 4179 preciosis
1081 4100 1277 4164 decoratum.

365 4204 453 4282 Item,
477 4205 637 4286 pectorale
664 4203 701 4263 de
731 4189 935 4286 puro'auro,
967 4206 1088 4267 habens
1120 4206 1152 4267 in
1185 4226 1219 4268 se
1245 4255 1379 4271 .....
1406 4220 1437 4268 et
1461 4225 1519 4267 uu·

258 4310 361 4371 decIm
387 4311 491 4392 perlas
516 4325 545 4371 et
572 4330 666 4371 unam
693 4359 859 4375 ......

364 4416 453 4494 Item,
479 4437 541 4476 una
578 4416 683 4478 Iadula
720 4417 759 4478 de
796 4420 892 4479 ebore
929 4438 1000 4480 cum
1033 4417 1189 4500 reliquiis.
1225 4417 1307 4480 Sunt
1331 4419 1431 4480 eciam
1457 4417 1518 4478 due

259 4521 382 4604 pixides
407 4522 446 4583 de
471 4524 568 4584 ebore
594 4521 685 4600 lacte,
711 4523 864 4585 habentes
895 4544 981 4586 seras
1013 4524 1045 4586 in
1070 4542 1104 4586 se
1135 4521 1176 4585 de
1207 4541 1319 4606 cupro,
1344 4523 1376 4585 iu
1401 4523 1519 4605 quibus

259 4628 394 4709 reIIquie
419 4644 657 4690 conservantur.

367 4819 374 4848 ¹
394 4815 520 4872 Primum
540 4814 641 4872 lolium
661 4816 752 4872 deest.
843 4832 845 4835 ·
