3428 5256
783 355 870 410 Anno
891 349 988 431 1498.
1457 375 1498 436 77

232 562 445 638 wiennenses,
470 582 552 645 quos
577 562 616 624 de
637 562 831 644 quibusdam
849 563 974 625 duabus
992 563 1156 644 particulis
1179 565 1361 627 vinealibus
1386 568 1497 628 condi-

232 668 412 730 cionalibus
436 668 522 750 juxta
548 669 673 731 vineam
700 669 845 730 eiusdem
879 669 1095 751 supradictam
1129 689 1146 730 a
1170 673 1437 752 septemtrionali,
1462 694 1497 735 ac

231 794 331 858 penes
366 775 529 857 quandam
554 775 711 838 desertam
740 790 857 838 terram
891 776 1050 837 vinealem
1085 790 1191 837 nostre
1216 778 1496 840 communitatisa

232 881 437 944 meridionali
462 882 575 964 plagis,
600 882 640 944 de
664 903 758 964 supra
784 903 800 944 a
827 882 877 942 via
902 883 1067 943 communi
1101 902 1203 963 usque
1229 883 1367 944 rivulum
1395 884 1496 966 llycza

231 1004 392 1068 vocatum,
417 990 617 1068 existentem,
642 989 766 1071 prefato
800 991 952 1072 magistro
987 990 1087 1051 Paulo
1111 1005 1142 1051 et
1173 991 1237 1051 suis
1262 990 1434 1053 heredibus
1459 993 1494 1053 li·

231 1095 339 1156 beram
364 1095 403 1156 ab
428 1096 517 1156 omni
542 1115 637 1157 censu
664 1110 772 1157 nostro
797 1095 979 1156 dimisimus
1009 1109 1039 1156 et
1064 1096 1169 1156 eidem
1195 1095 1407 1158 relaxavimus
1424 1096 1492 1175 jure

230 1217 386 1284 perpetuo
410 1202 637 1284 possidendam
662 1203 713 1264 cui
738 1203 811 1263 data
836 1217 882 1264 est
908 1202 998 1263 litera
1023 1203 1243 1284 privilegialis.

337 1308 435 1382 Quod
460 1309 535 1390 quia
560 1309 693 1391 provida
727 1323 757 1370 et
790 1308 922 1369 honesta
957 1308 1124 1369 Elizabeth
1159 1309 1275 1370 mulier
1309 1310 1401 1371 aliter
1432 1311 1495 1372 Jal-

228 1412 311 1476 sicza
346 1414 449 1493 dicta,
480 1413 545 1476 filia
580 1415 717 1476 condam
751 1415 833 1477 Petri
875 1415 1055 1497 purgatoris
1085 1414 1269 1496 gladiorum
1302 1435 1387 1477 nunc
1420 1437 1495 1478 vero

230 1539 361 1583 consors
385 1521 484 1603 lurgh
509 1523 637 1600 sutoris,
662 1522 825 1603 quandam
858 1522 984 1583 vineam
1009 1541 1100 1582 suam
1132 1522 1228 1583 simul
1253 1541 1325 1583 cum
1351 1523 1490 1601 virgulto

230 1626 336 1688 eidem
367 1627 563 1710 subjacenti,
596 1630 627 1689 in
661 1629 821 1690 territorio
855 1643 964 1690 nostro
995 1648 1051 1690 seu
1084 1629 1220 1690 civitatis
1250 1627 1370 1711 prefate
1406 1644 1489 1691 retro

229 1752 357 1795 murum
383 1733 526 1796 eiusdem
553 1735 699 1813 civitatis,
725 1736 806 1797 inter
830 1736 956 1797 vineam
983 1735 1150 1816 hospitalis
1182 1736 1280 1797 nostri
1311 1737 1494 1797 communis

232 1841 323 1902 beate
349 1842 450 1903 Marie
474 1843 608 1923 virginis
632 1844 664 1904 in
689 1843 773 1904 dicta
805 1844 933 1905 civitate
968 1841 1103 1918 fundati,
1135 1845 1175 1904 ab
1200 1863 1274 1920 una,
1298 1843 1489 1905 videliceta

229 1948 482 2030 septemtrionali
506 1963 606 2030 parte,
631 1964 662 2010 et
686 1950 768 2011 inter
792 1950 918 2010 vineam
937 1949 1102 2031 prudentis
1127 1963 1157 2010 et
1183 1949 1402 2029 circumspecti
1429 1949 1488 2009 viri

229 2055 373 2135 magistri
399 2055 536 2117 Emerici
562 2056 678 2117 notarii
697 2069 802 2116 nostre
831 2057 980 2132 civitatis,
998 2058 1037 2117 ab
1055 2055 1164 2133 altera,
1188 2054 1339 2116 videlicet
1364 2075 1380 2114 a
1400 2056 1492 2116 meri·

229 2159 351 2221 dionali
377 2177 464 2242 parte
502 2161 642 2223 habitam
668 2176 698 2222 et
732 2162 931 2239 existentem,
965 2163 1101 2243 provido
1134 2176 1164 2223 et
1190 2160 1325 2223 honesto
1351 2161 1490 2222 lohanni

227 2267 339 2328 sartori
366 2267 455 2329 Hans
479 2269 576 2346 dicto,
601 2268 724 2329 sororio
748 2287 818 2345 sun,
842 2287 877 2329 ac
904 2287 961 2348 per
984 2287 1057 2328 eum
1083 2269 1148 2327 suis
1174 2267 1345 2329 heredibus
1370 2287 1429 2349 pro
1446 2267 1492 2328 vi·

226 2372 306 2452 giuti
332 2374 477 2455 quinque
501 2372 571 2437 flor.
597 2374 664 2435 auri
698 2373 843 2434 vendidit
875 2373 942 2452 jure
976 2388 1131 2454 perpetuo
1163 2373 1409 2454 possidendam;
1441 2375 1491 2434 cui

227 2478 299 2541 data
324 2495 370 2541 est
395 2480 485 2542 litera
511 2480 730 2563 privilegialis.

333 2585 431 2660 Quod
457 2588 532 2668 quia
558 2588 605 2648 vir
629 2587 783 2668 providus
811 2586 1001 2647 Valentinus
1032 2599 1120 2646 sutor
1144 2600 1174 2646 et
1199 2585 1331 2647 honesta
1356 2587 1490 2649 domina

228 2691 327 2753 Elena
355 2693 464 2755 relicta
489 2694 626 2755 condam
645 2693 792 2776 Gregorii
819 2691 966 2774 pellificis
983 2711 1067 2752 nunc
1085 2711 1160 2752 vero
1179 2711 1310 2753 consors
1335 2693 1491 2774 legittima

228 2797 362 2880 Georgii
394 2799 560 2882 pellificis,
596 2815 781 2862 executores
817 2798 997 2862 testamenti
1031 2796 1143 2880 prelati
1175 2799 1313 2860 condam
1340 2798 1488 2881 Gregorii

226 2906 441 2969 vendiderunt
473 2908 577 2968 eidem
605 2907 748 2990 Georgio
775 2905 904 2988 pellifici
931 2906 1135 2966 medietatem
1174 2905 1340 2966 cuiusdam
1375 2906 1491 2968 domus

227 3027 361 3091 mutate,
387 3014 469 3077 inter
493 3014 627 3075 domum
658 3013 824 3075 Michaelis
857 3011 1082 3094 Opprasnych,
1114 3031 1130 3072 a
1156 3011 1360 3072 meridionali
1386 3025 1487 3093 parte,

225 3131 257 3182 et
280 3119 362 3183 inter
385 3120 501 3182 domos
525 3121 680 3182 heredum
713 3121 849 3181 condam
880 3117 1011 3198 Georgii
1043 3117 1237 3200 Vythlroicb,
1261 3119 1300 3178 ab
1326 3118 1484 3196 orientali,

227 3244 284 3287 nec
308 3245 371 3288 non
399 3227 481 3288 inter
504 3226 583 3287 duas
607 3228 674 3287 vias
698 3244 888 3287 communes
921 3245 937 3284 a
961 3223 1215 3304 septemtrionali
1242 3237 1272 3284 et
1296 3223 1488 3284 occidentali

226 3332 379 3414 partibus,
403 3333 543 3394 mediam
563 3334 684 3394 curiam
702 3334 733 3393 in
750 3353 783 3392 se
801 3332 1039 3405 continentem3
1057 3330 1153 3390 aliam
1178 3348 1254 3389 vero
1280 3329 1487 3390 medietatem

224 3425 372 3500 eiusdem
395 3439 511 3501 domus
534 3438 654 3522 prelata
681 3439 812 3499 domina
840 3438 949 3513 Elena,
974 3455 1072 3516 quam
1096 3435 1156 3495 sibi
1182 3433 1322 3515 prefatus
1347 3435 1485 3495 condam

226 3543 402 3627 Gregorius
426 3546 559 3607 maritus
575 3565 651 3607 suus
669 3544 932 3606 testamentaliter
949 3542 1077 3622 legavit,
1096 3541 1201 3602 eidem
1227 3539 1370 3621 Georgio
1396 3542 1488 3623 pelli-

224 3649 274 3713 fici
299 3652 415 3714 marito
439 3671 497 3713 suo
523 3653 723 3734 propinavit3
756 3651 851 3711 aliam
885 3667 961 3708 vero
996 3647 1201 3709 medietatem
1235 3647 1312 3708 emir
1338 3647 1423 3707 idem
1448 3649 1487 3708 ab

224 3758 344 3821 eisdem
370 3778 428 3841 pro
452 3758 593 3820 sedecim
618 3757 699 3834 flor,
724 3755 908 3837 cuiquidem
928 3754 1112 3815 vendicioni
1139 3752 1319 3834 Stephanus
1344 3753 1488 3814 literatus

223 3862 308 3927 filius
330 3862 453 3947 prefate
486 3865 617 3925 domine
651 3863 752 3924 Elene
783 3880 878 3922 suum
910 3859 1098 3922 benivolum
1133 3857 1259 3939 prebuit
1291 3877 1483 3919 consensum

223 3971 341 4054 pariter
364 3985 396 4033 et
418 3989 594 4047 assensum,
619 3968 686 4048 jure
704 3983 860 4051 perpetuo
884 3966 1132 4049 possidendam3
1157 3964 1207 4024 cui
1226 3964 1297 4023 data
1322 3981 1367 4025 est
1394 3965 1483 4025 litera

222 4075 444 4160 privilegialis.
