3428 5256
746 320 829 374 Anno
852 318 943 393 1476.

619 424 667 430 ---
677 424 862 431 -———..
874 426 885 431 ..
895 425 1370 434 -——-———.-—
1383 428 1473 435 ---—

317 527 414 600 Quod
441 528 516 608 quia
541 528 755 588 communitas
780 528 915 589 civitatis
935 529 1216 610 Montisgrecensis
1240 529 1385 591 vendidit
1409 531 1470 590 sibi

210 634 372 715 quandam
396 634 530 694 domurn
555 654 611 694 seu
643 633 778 695 fundum
812 655 828 695 a
858 654 965 716 quoa
998 635 1107 696 multis
1132 635 1295 696 retroactis
1327 635 1419 696 annis
1444 651 1475 696 et

210 741 409 822 temporibus
433 740 521 800 nulla
546 741 677 801 servicia
703 759 760 800 nec
783 740 871 801 dacia
890 759 995 821 neque
1019 741 1187 821 vigilature
1214 741 1314 801 immo
1339 755 1369 801 et
1393 741 1473 801 nulli

211 861 384 927 proventus
409 846 507 907 nostri
532 865 722 906 communes
746 847 784 905 ab
822 846 932 906 eadem
969 845 1068 906 domo
1100 861 1195 927 atque
1220 865 1284 906 non
1309 847 1474 927 provenis·

210 967 279 1013 sent
303 971 407 1033 neque
441 951 593 1032 persoluti
626 950 771 1029 luissent,
803 971 866 1032 que
902 952 1017 1013 domus
1049 965 1108 1012 stat
1140 953 1221 1012 inter
1245 951 1378 1012 domum
1405 951 1472 1013 Ste-

210 1058 306 1139 phani
333 1057 460 1134 literati,
485 1077 502 1117 a
526 1071 614 1138 parte
641 1056 856 1135 meridionali,
881 1071 912 1118 et
935 1077 951 1116 a
977 1071 1065 1138 parte
1083 1057 1212 1118 australi
1239 1057 1321 1117 inter
1338 1058 1472 1118 domum

211 1163 385 1225 Katherine
410 1163 518 1224 relicte
543 1162 680 1223 condam
708 1162 846 1240 Martini,
864 1176 926 1223 tres
943 1177 1072 1244 quartas
1089 1163 1174 1223 curie
1200 1163 1231 1223 in
1257 1183 1289 1223 se
1307 1163 1473 1223 continen-

209 1282 285 1347 tem,
309 1270 409 1330 immo
433 1267 552 1351 prefata
577 1269 791 1329 communitas
822 1269 966 1329 vendidit
991 1269 1109 1329 Mathie
1142 1267 1280 1330 carnifici
1315 1283 1472 1350 perpetuo

209 1375 454 1456 possidendam,
481 1375 530 1435 cui
555 1374 627 1435 data
652 1389 698 1434 est
722 1374 812 1435 litera
838 1374 1045 1455 privilegialis
1074 1394 1168 1455 super
1194 1374 1365 1455 premissis.

316 1481 394 1541 ltem
420 1481 494 1561 quia
520 1479 653 1562 provida
687 1479 803 1539 mulier·
828 1480 1028 1560 Margaretha
1063 1494 1174 1541 vocata
1200 1480 1310 1541 relicta
1336 1481 1472 1540 condam

211 1586 352 1664 Radtin,
388 1605 473 1646 nunc
510 1605 586 1646 vero
621 1604 752 1646 consors
784 1585 941 1666 legittima
973 1585 1093 1646 Mathie
1128 1586 1257 1647 sartoris
1290 1585 1473 1666 propinavit

210 1693 315 1752 eidem
343 1691 462 1753 Mathia
486 1692 597 1752 sartori
625 1691 738 1751 marito
770 1710 829 1751 suo
861 1692 1024 1772 quandam
1056 1692 1189 1752 domum
1223 1705 1380 1751 muratam
1405 1690 1472 1769 jure

209 1812 365 1880 perpetuo
389 1797 629 1878 possidendam,
656 1796 845 1877 addiditque
879 1799 962 1858 idem
982 1798 1118 1858 Mathias
1134 1811 1235 1857 sartor
1260 1797 1319 1878 ipsi
1347 1797 1469 1877 Marga-

210 1905 298 1965 rethe
322 1922 380 1985 pro
405 1903 518 1963 eadem
544 1902 643 1964 domo
668 1917 792 1964 murata
818 1905 929 1984 viginti
965 1903 1034 1965 flor.
1068 1904 1148 1981 auri,
1174 1904 1216 1964 ita
1241 1917 1360 1981 tamen,
1384 1902 1471 1984 quod

209 2011 233 2070 si
258 2011 361 2091 ipsum
389 2009 544 2070 Mathiam
569 2024 724 2070 sartorem
752 2011 858 2091 primo
892 2011 972 2070 mori
1005 2011 1186 2092 contigerit,
1217 2026 1291 2071 tunc
1325 2009 1391 2091 ipsa
1416 2009 1471 2069 do·

209 2116 295 2176 mina
321 2115 384 2176 vita
409 2115 469 2175 sibi
494 2115 611 2176 comite
637 2115 737 2196 ipsam
764 2115 896 2176 domum
922 2135 1032 2196 regere
1052 2131 1082 2177 et
1106 2135 1233 2177 servare
1258 2115 1383 2192 habeat,
1401 2129 1473 2195 post

210 2235 345 2282 mortem
364 2240 440 2282 vero
460 2221 559 2302 ipsius
576 2221 708 2282 domine
728 2222 794 2303 ipsa
812 2221 928 2282 domus
948 2223 977 2282 in
997 2221 1176 2282 iohannem
1203 2220 1304 2282 hlium
1324 2221 1468 2280 eiusdem

214 2327 334 2388 Mathie
359 2327 573 2388 condescendi
600 2327 716 2388 debeat
740 2341 770 2388 et
795 2327 950 2403 derivari;
975 2329 1026 2388 cui
1052 2327 1172 2388 Mathie
1197 2328 1309 2387 sartori
1335 2327 1408 2386 data
1427 2339 1473 2388 est

209 2432 299 2494 litera
325 2432 536 2515 privilegialis
560 2453 656 2514 super
680 2433 852 2514 premissis.

315 2540 391 2600 Item
418 2540 506 2621 quod
532 2541 606 2620 quia
632 2539 758 2621 providi
781 2540 902 2601 Milula
927 2555 1028 2602 sartor
1046 2557 1075 2601 et
1101 2541 1208 2621 Jwrgh
1234 2541 1358 2601 institor
1382 2540 1471 2601 Vith-

210 2649 309 2727 koycz
335 2647 366 2706 in
391 2666 527 2728 persona
554 2646 707 2727 Stephani
733 2644 789 2706 filii
817 2646 955 2707 condam
989 2646 1119 2707 Thome
1144 2646 1218 2707 dicti
1245 2646 1396 2706 Thoman
1422 2665 1471 2706 so·

209 2754 283 2813 rorii
310 2753 419 2833 ipsius,
446 2753 661 2814 vendiderunt
687 2752 892 2813 medietatem
927 2753 1093 2813 cuiusdam
1120 2753 1212 2814 vinee
1237 2772 1253 2813 a
1279 2766 1367 2833 parte
1392 2750 1441 2812 inf
1463 2786 1472 2797 ·

208 2860 283 2920 riori
309 2859 390 2920 inter
414 2874 531 2921 metam
546 2861 628 2921 iuter
652 2860 806 2941 quasdam
824 2861 964 2936 arbores,
990 2879 1085 2920 unam
1104 2860 1163 2941 piri
1189 2874 1219 2920 et
1243 2860 1338 2920 aliam
1366 2859 1473 2936 nucis,

208 2985 264 3047 per
289 2965 454 3047 quoddam
480 2965 633 3026 fossatum
668 2985 739 3025 cum
774 2966 822 3025 via
858 2966 933 3046 ipsis
966 2966 1108 3046 partibus
1140 2964 1349 3041 deserviente,
1374 2984 1470 3046 quam

209 3071 423 3132 vendiderunt
449 3072 613 3153 Stephano
638 3072 736 3131 sutori
771 3091 829 3152 pro
861 3092 913 3132 sex
940 3071 1009 3134 flor.
1044 3072 1124 3148 auri,
1157 3071 1362 3132 inhabitatori
1388 3071 1471 3131 dicte

209 3177 362 3252 civitatis;
388 3178 436 3238 cui
465 3179 536 3238 data
562 3192 608 3238 est
633 3178 723 3238 litera
750 3178 959 3259 privilegialis
983 3198 1078 3259 super
1103 3178 1274 3258 premissis.

316 3283 393 3344 Item
420 3283 581 3344 lohannes
600 3282 779 3360 Gulrlthlar
801 3284 908 3343 senior
925 3282 1020 3362 judex
1038 3283 1183 3344 vendidit
1207 3283 1379 3363 quemdam
1399 3281 1469 3343 lun-

209 3389 286 3449 dum
311 3409 366 3449 seu
392 3389 525 3449 domum
552 3389 810 3450 condicionalem
844 3409 942 3470 penes
975 3389 1107 3450 domum
1143 3390 1227 3450 Luce
1259 3390 1388 3450 sartoris
1412 3408 1470 3469 pro

209 3494 363 3555 tredecim
389 3494 470 3572 flor,
495 3515 511 3555 a
537 3515 599 3575 qua
635 3494 734 3554 domo
765 3495 901 3575 singulis
932 3495 1023 3555 anuis
1056 3495 1140 3555 idem
1167 3495 1251 3574 Jwrg
1276 3513 1375 3554 unum
1401 3494 1470 3554 lior.

208 3600 277 3661 auri
302 3614 333 3662 et
357 3601 469 3680 viginti
496 3615 633 3681 quatuor
664 3600 813 3660 denarios
845 3600 967 3660 solvere
994 3600 1170 3674 tenelitur;
1202 3599 1252 3660 cui
1285 3619 1379 3680 super
1404 3599 1470 3678 ipsa

208 3706 308 3768 domo
333 3706 405 3767 data
430 3720 476 3767 est
499 3706 590 3767 litera
615 3707 823 3787 privilegialis
847 3726 942 3787 super
967 3706 1137 3787 premissis.

315 3811 392 3872 ltem
426 3813 577 3873 dominus
610 3812 791 3873 Demetrius
824 3813 988 3893 presbiter,
1023 3812 1136 3873 Gallus
1168 3813 1297 3889 juratus,
1327 3811 1472 3871 Andreas

209 3936 343 3999 arcupar
367 3932 397 3978 et
423 3918 595 3979 Katherina
622 3938 753 3980 consors
777 3934 830 3979 aut
856 3919 963 3980 relicta
989 3919 1126 3979 condam
1152 3918 1272 3978 Mathie
1297 3917 1470 3998 arcuparis,

209 4039 396 4087 executores
422 4025 577 4103 eiusdem,
603 4026 817 4087 vendiderunt
850 4026 1011 4105 quandam
1045 4026 1231 4107 porcionem
1258 4025 1348 4084 vinee
1374 4023 1469 4084 simul

209 4150 281 4193 cum
307 4131 387 4192 silva
412 4131 498 4192 iuxta
524 4145 624 4192 metas
648 4133 688 4192 de
711 4133 872 4193 Petroncz
890 4133 1101 4208 adiacentem,
1128 4132 1233 4192 Blasio
1257 4131 1396 4210 agricole
1422 4132 1468 4190 in·

209 4236 380 4299 habitatori
406 4238 504 4300 nostri
530 4238 700 4313 territorii3
733 4240 782 4299 cui
816 4239 887 4298 data
921 4254 966 4300 est
992 4240 1080 4300 litera
1114 4237 1322 4319 privilegialis
1345 4240 1404 4298 sub
1429 4237 1468 4296 si-

207 4343 288 4425 gillo
312 4344 562 4421 communitatis,
588 4359 744 4426 perpetuo
769 4345 1007 4426 possidendam.

315 4449 392 4512 ltem
422 4452 495 4532 quia
529 4450 742 4512 vendiderunt
776 4452 922 4512 l'rbanus
961 4453 1100 4533 agricola
1133 4466 1161 4511 et
1196 4452 1319 4531 Agatha
1354 4452 1468 4512 mulier

209 4556 347 4639 quilibet
369 4557 556 4641 porcionem
580 4576 670 4619 suam
697 4558 728 4618 in
750 4558 888 4639 quadam
907 4558 1005 4620 domo
1032 4560 1112 4620 inter
1130 4558 1264 4619 domum
1289 4557 1374 4620 Galli
1403 4558 1468 4618 Ku-

210 4662 323 4747 delyez
346 4676 377 4726 et
400 4662 483 4729 iuter
505 4663 639 4727 domum
665 4683 701 4725 ac
735 4661 871 4727 fundum
904 4665 1050 4725 llarnabe
1075 4664 1245 4747 Cliaykyn,
1269 4664 1413 4745 Georgio
1438 4679 1468 4725 ct

212 4770 320 4833 Blasio
341 4768 493 4853 agricolis
513 4766 590 4833 liliis
618 4769 757 4835 condam
791 4772 886 4854 Myke
920 4773 959 4832 de
992 4772 1209 4833 Sanisinowcz
1241 4792 1299 4854 pro
1331 4787 1469 4854 quatuor

211 4874 283 4947 flor·
305 4876 397 4961 ouri3
418 4876 471 4949 eui
492 4876 568 4947 dm
591 4890 640 4949 0⁸1
661 4876 753 4945 litere
776 4878 986 4967 privilegialis
1013 4895 1109 4963 super
1132 4878 1303 4968 premissis.
