3428 5256
233 343 291 417 164
768 338 947 400 Inventaria.

226 553 310 632 cipio
334 567 433 610 certas
469 550 655 627 divisiones,
691 565 721 610 et
757 551 869 632 incipit
904 571 977 612 cum
1016 552 1139 613 rubrica
1180 552 1313 634 »lucipit
1348 552 1505 634 prefacio

225 657 324 717 sancti
339 656 494 718 leronimi
521 656 721 737 presbiteri«,
746 657 825 718 etin
842 656 905 719 fine
931 659 1034 739 prime
1051 659 1225 740 columpne
1249 658 1384 720 secundi
1412 657 1505 739 folii,

224 761 294 824 finit
320 762 559 824 »habitaculum
596 762 824 844 no(biscum)‹,
860 777 891 826 et
915 765 947 824 in
984 762 1047 825 fine
1071 764 1167 826 babet
1203 765 1502 847 interpretaciones

223 870 416 931 hebreorum
442 869 687 932 vocabulorum.

518 1064 643 1125 Liber
667 1062 1013 1125 Archidiaconus
1043 1062 1196 1125 dictus.

329 1205 419 1282 Item,
452 1224 535 1265 unus
568 1205 649 1266 liber
674 1203 929 1265 archidiaconus
964 1204 1078 1281 dictus,
1109 1205 1164 1286 qui
1197 1205 1308 1287 incipit
1338 1224 1414 1266 cum
1440 1226 1499 1268 tu·

224 1313 310 1374 brica
338 1311 471 1393 »Incipit
495 1311 624 1372 libellus
648 1311 815 1392 pastoralis
840 1310 879 1371 de
900 1330 974 1371 cura
1000 1325 1031 1371 et
1054 1309 1162 1373 officio
1181 1310 1436 1389 archidiaconi«,
1464 1326 1501 1376 et

224 1420 255 1479 in
281 1417 342 1479 fine
367 1418 469 1499 prime
495 1418 610 1499 pagine
635 1416 767 1478 secundi
792 1415 861 1477 folii
895 1414 965 1478 finit
994 1430 1046 1478 »ut
1080 1418 1111 1478 in
1137 1437 1176 1478 eo
1208 1432 1410 1498 tamquamr,
1436 1418 1498 1480 ha·

224 1528 302 1586 bens
326 1525 357 1585 in
383 1522 445 1584 fine
469 1538 572 1585 certos
588 1542 763 1600 sermones,
787 1536 818 1584 et
835 1522 866 1583 in
884 1521 947 1584 fine
971 1523 1043 1584 libri
1061 1521 1131 1584 finit
1148 1543 1220 1585 cum
1245 1523 1369 1585 rubrica
1391 1524 1496 1588 »Item

223 1631 263 1692 de
287 1645 397 1691 sancto
423 1630 628 1690 Ambrosioc.

328 1736 417 1813 ltem,
441 1736 523 1796 liber
546 1736 712 1796 scolastice
736 1735 878 1818 hystorie
902 1735 942 1795 de
976 1735 1192 1815 pulcherrima
1216 1736 1332 1813 littera,
1357 1736 1415 1817 qui
1442 1737 1497 1799 in·

223 1844 300 1926 cipit
323 1861 395 1903 cum
428 1841 551 1902 rubrica
587 1841 719 1922 »Incipit
744 1841 897 1923 prologus
921 1841 1100 1923 epistolaris
1118 1842 1149 1902 in
1175 1841 1316 1924 hystoria
1341 1844 1496 1924 magistri

224 1950 291 2026 P.‹,
315 1963 346 2009 et
370 1949 402 2008 in
427 1946 489 2009 fine
514 1948 616 2029 prime
641 1947 757 2028 pagine
780 1946 913 2008 secundi
938 1945 1008 2008 folii
1036 1946 1106 2008 finit
1133 1962 1183 2008 »et
1206 1947 1318 2010 Cretas
1344 1949 1493 2014 divisit«.

329 2055 418 2132 Item,
443 2073 524 2114 unus
548 2054 630 2114 alius
653 2053 734 2114 liber
756 2053 922 2115 scolastice
943 2053 1095 2135 hystorie,
1120 2054 1241 2115 habens
1266 2055 1297 2116 in
1321 2055 1492 2138 principio

223 2164 352 2223 arbores
376 2161 577 2221 continentes
601 2158 750 2220 historias
774 2160 901 2238 Bibilie,
930 2173 976 2220 est
998 2160 1038 2221 de
1060 2160 1164 2221 littera
1191 2160 1357 2239 mediocri,
1381 2175 1414 2223 et
1439 2163 1493 2224 in·

223 2267 300 2348 cipit
323 2286 396 2327 cum
422 2266 548 2327 rubrica
587 2265 720 2347 »Incipit
752 2266 906 2347 prologus
938 2265 1151 2347 epistolaris«,
1176 2280 1207 2328 et
1239 2267 1271 2327 in
1296 2265 1358 2328 fine
1382 2268 1493 2348 prime

223 2374 339 2454 pagine
375 2371 508 2433 secundi
542 2370 611 2432 lolii
647 2370 717 2432 finit
753 2371 831 2432 »nisi
869 2372 1062 2448 Patilenosc,
1095 2387 1125 2434 et
1159 2373 1190 2434 in
1223 2370 1286 2433 fine
1319 2373 1392 2434 libri
1416 2372 1492 2437 finit

227 2498 369 2540 »summe
394 2480 478 2539 bone
503 2477 612 2543 deus«,

326 2586 416 2662 ltem,
442 2604 543 2645 unum
567 2603 701 2665 parvum
726 2584 879 2645 volumen
906 2584 945 2646 de
966 2598 1054 2666 parte
1080 2584 1222 2667 hystorie
1246 2585 1412 2646 scolastice
1438 2585 1490 2646 in·

223 2693 345 2774 cipiens
369 2713 386 2752 a
411 2691 516 2773 primo
541 2711 665 2772 regum,
688 2704 719 2752 et
743 2691 855 2772 incipit
882 2691 1030 2751 »Fenena
1055 2705 1183 2753 etcum
1208 2691 1321 2753 debuit
1344 2690 1489 2772 dicere«,

223 2813 254 2859 et
279 2798 310 2857 in
335 2796 397 2858 fine
423 2797 525 2878 prime
558 2797 675 2877 pagine
708 2795 840 2857 secundi
872 2795 942 2857 folii
979 2795 1047 2858 finit
1088 2797 1234 2880 »adipem
1260 2797 1419 2859 tollebant
1445 2799 1489 2859 ab

222 2899 508 2985 of(lerrentibus)‹,
534 2916 563 2963 et
580 2903 612 2963 in
629 2901 692 2963 fine
716 2903 789 2963 libri
814 2901 884 2963 finit
912 2901 1075 2964 »deferent
1099 2904 1137 2964 ad
1165 2902 1349 2965 Cesaremc.
1468 2902 1472 2909 '

328 3008 418 3085 Item,
442 3008 529 3068 aliud
554 3028 653 3069 unum
672 3027 805 3090 parvum
828 3008 979 3069 volumen
997 3009 1101 3069 simile
1119 3029 1175 3091 per
1192 3009 1301 3070 omnia
1325 3008 1486 3090 superiori

222 3134 317 3196 super
334 3133 419 3174 novo
443 3128 646 3192 testamento,
671 3128 701 3175 et
725 3114 838 3196 incipit
857 3133 930 3175 cum
955 3115 1047 3194 nigro
1068 3114 1161 3176 »Fuit
1177 3127 1285 3176 autem
1310 3114 1342 3174 in
1367 3113 1486 3176 diebus

224 3219 363 3280 Herodis
388 3219 503 3300 regis«,
529 3235 560 3281 et
584 3220 615 3280 in
650 3219 713 3281 fine
746 3220 848 3302 prime
879 3220 997 3301 pagine
1028 3219 1160 3280 secundi
1186 3218 1256 3282 folii
1278 3217 1348 3280 finit
1376 3231 1425 3281 ‹et
1450 3232 1487 3282 ut

222 3325 387 3402 diabolo«,
411 3339 440 3386 et
465 3326 496 3385 in
523 3324 584 3385 fine
609 3326 680 3386 libri
706 3325 775 3386 finit
802 3325 852 3385 »id
878 3339 925 3387 est
949 3324 1249 3392 informacioneme.

329 3448 418 3526 Item,
444 3468 592 3529 unapars
618 3449 733 3509 Bibilie
757 3449 896 3530 glossata
921 3449 960 3509 de
977 3450 1148 3532 sollempni
1167 3450 1272 3513 littera
1296 3469 1369 3511 curn
1392 3450 1484 3531 glosa

223 3570 252 3617 et
277 3569 375 3632 textu,
400 3575 463 3635 que
488 3556 600 3636 incipit
628 3556 727 3617 »sicut
756 3556 873 3616 Paulus
905 3575 961 3637 per
994 3557 1276 3635 revellacionemc,
1308 3571 1338 3617 et
1363 3557 1395 3617 in
1420 3555 1484 3619 fine

225 3663 326 3742 prime
351 3662 467 3742 pagine
499 3663 631 3722 secundi
666 3660 734 3721 folii
767 3660 836 3722 finit
870 3662 1114 3724 »recedentibus
1146 3664 1271 3745 aquisc,
1306 3676 1337 3723 et
1362 3663 1394 3723 in
1419 3661 1483 3725 fine

222 3768 294 3828 libri
327 3769 358 3829 in
390 3782 477 3828 textu
503 3766 571 3828 finit
606 3767 674 3827 »hic
708 3782 946 3845 consumatus«,
979 3783 1010 3829 et
1042 3770 1073 3830 in
1104 3770 1209 3850 glossa
1242 3769 1312 3831 finit
1345 3769 1484 3851 »pariter

222 3889 438 3954 mergantur«.

329 3981 417 4058 ltem,
443 4001 524 4040 unus
541 3980 623 4040 alius
640 3980 720 4040 liber
738 3980 882 4040 eiusdem
900 3982 1076 4042 voluminis
1094 3982 1250 4064 incipiens
1274 4003 1291 4043 a
1317 3982 1484 4044 Parabolis

223 4106 323 4167 usque
349 4089 465 4147 librum
484 4089 544 4148 Job
570 4088 738 4165 inclusive,
762 4103 793 4148 et
817 4088 928 4168 incipit
953 4089 984 4147 in
1018 4103 1104 4149 textu
1133 4089 1309 4150 »Parabole
1334 4089 1482 4151 Salamo-

223 4193 303 4266 nis«,
329 4209 358 4253 et
384 4194 414 4252 in
440 4191 502 4253 fine
528 4195 629 4274 prime
654 4194 770 4275 pagine
793 4194 925 4254 secundi
944 4193 1013 4256 lolii
1038 4194 1070 4254 in
1087 4206 1174 4255 textu
1203 4195 1253 4254 »in
1278 4195 1397 4256 tabulis
1413 4214 1482 4256 cor·

222 4298 270 4358 dis
294 4299 373 4374 tui«,
398 4313 429 4359 et
453 4300 482 4358 in
509 4297 569 4358 fine
602 4299 674 4360 libri
708 4299 777 4360 finit
809 4301 839 4360 in
873 4314 958 4361 textu
995 4319 1105 4360 »senes
1128 4315 1159 4360 et
1183 4300 1298 4380 plenus
1321 4301 1482 4364 dierum«.

332 4404 420 4481 ltem,
447 4403 581 4465 Genesis
605 4424 677 4466 cum
700 4406 790 4486 glosa
815 4426 871 4467 sua
904 4419 936 4468 et
967 4405 1079 4488 incipit
1103 4406 1134 4466 in
1168 4420 1254 4467 textu
1279 4420 1309 4467 et
1336 4408 1366 4467 in
1390 4407 1481 4488 glosa

225 4511 277 4571 »ln
303 4510 461 4592 principio
486 4511 604 4571 creavit
620 4511 731 4589 deus«,
756 4526 787 4574 et
811 4514 843 4574 in
868 4510 930 4573 fine
947 4512 1020 4573 libri
1045 4509 1114 4573 finit
1132 4513 1163 4572 in
1188 4527 1275 4574 textu
1304 4515 1482 4595 »repositus

222 4617 324 4680 estin
350 4616 457 4677 loculo
483 4618 514 4677 in
541 4617 691 4699 Egiptot.

328 4722 417 4799 ltem,
443 4722 542 4785 Glose
557 4722 660 4786 fratria
676 4724 814 4803 Nicolai,
832 4723 919 4788 Gore
939 4724 1028 4805 dicti,
1043 4743 1140 4808 super
1155 4725 1239 4786 libro
1253 4725 1481 4807 Ecclesiasticl,

222 4839 254 4889 et
270 4827 381 4911 incipit
409 4827 598 4910 »Sapiencia
621 4827 782 4893 edificavit
802 4829 864 4893 sibi
888 4828 1058 4909 domum«,
1088 4843 1121 4892 et
1144 4829 1175 4891 in
1200 4827 1265 4893 fine
1295 4831 1399 4914 prime
1423 4851 1482 4916 pa·
