3428 5256
227 284 266 325 22
803 262 890 321 Anno
912 273 1002 340 1475.

228 374 323 379 -.
365 374 385 378 -
400 372 504 377 ——--.-—
576 369 1006 377 -——-——-———
1350 368 1490 376 -.—

226 477 383 559 usquead
408 478 521 539 silvam
541 490 712 559 pretacram
728 473 828 556 ipsius
844 474 980 534 condam
1001 472 1119 534 Mathie
1136 473 1298 555 arcuparis
1317 487 1349 536 et
1372 475 1438 537 exit
1454 475 1497 537 ad

225 584 398 666 quemdam
424 582 532 664 fagum
558 602 656 665 penes
680 581 796 642 dictam
822 580 935 640 silvam
962 579 1060 661 ipsius
1089 577 1226 640 condam
1252 580 1373 642 Mathis
1396 599 1489 643 arcu·

225 693 309 774 paris
332 710 391 774 pro
416 704 500 752 meta
526 710 618 752 cruce
644 689 753 766 incisa,
779 686 896 749 deinde
921 685 1054 748 ulterius
1087 685 1230 747 ascendit
1253 706 1310 768 per
1334 706 1492 749 cacumen

225 799 344 860 montis
369 797 489 860 directe
515 810 546 858 et
570 795 655 858 cadit
679 795 711 855 in
737 793 914 876 predictam
932 793 1017 853 viam
1042 792 1081 853 ab
1107 792 1176 873 ipso
1195 792 1363 854 occidente
1387 793 1495 875 sitam,

225 904 334 985 sicque
358 904 572 965 terminantur
597 902 664 983 ipse
689 913 785 977 mete,
810 919 883 960 cum
918 898 1070 961 omnibus
1104 898 1249 960 eiusdem
1272 899 1351 961 silve
1375 899 1497 962 utilita-

224 1011 309 1070 tibus
332 1007 548 1071 vendiderunt
572 1005 708 1088 provido
733 1019 764 1066 et
791 1005 928 1068 honesto
962 1005 1031 1066 viro
1056 1004 1195 1066 iohanni
1221 1005 1338 1067 bolsak
1363 1005 1492 1088 pridem

225 1114 321 1193 judici
347 1129 377 1175 er
402 1113 525 1174 concivi
552 1127 661 1173 nostro
694 1131 752 1194 pro
784 1111 937 1173 tredecim
971 1111 1041 1173 flor.
1074 1112 1142 1172 auri
1178 1131 1234 1192 per
1258 1112 1398 1174 eundem
1422 1111 1493 1194 jure

224 1234 379 1303 perpetuo
404 1233 434 1279 et
458 1218 709 1280 irrevocabiliter
734 1216 962 1299 possidendam
986 1236 1022 1278 ac
1046 1216 1133 1298 juxta
1158 1217 1385 1279 condicionem
1410 1217 1492 1280 civi·

226 1327 297 1388 raris
323 1339 488 1406 prenotate
513 1323 767 1406 disponendam;
792 1323 841 1384 cui
867 1324 939 1384 data
965 1337 1011 1384 est
1035 1323 1125 1384 litera
1150 1323 1369 1404 privilegialis.

334 1432 431 1506 Quod
457 1431 590 1512 provida
618 1430 735 1491 mulier
760 1430 897 1490 Barbara
915 1442 1028 1491 vocata
1053 1429 1162 1491 relicta
1179 1429 1317 1491 condam
1342 1429 1401 1491 viri
1419 1449 1493 1512 pro·

226 1539 290 1599 vidi
318 1537 465 1617 Gregorii
498 1535 555 1597 filii
589 1535 721 1617 Georgii
755 1534 979 1597 inhabitatoris
1019 1549 1125 1596 nostre
1158 1534 1295 1597 civitatis
1326 1535 1494 1617 quandam

228 1644 433 1705 medietatem
459 1643 550 1703 vinee
575 1662 630 1702 sue
660 1642 691 1702 in
725 1642 885 1703 territorio
917 1654 1027 1703 nostro
1059 1641 1214 1719 habitam,
1239 1661 1337 1722 penes
1361 1642 1491 1703 vincam

225 1750 282 1809 viri
303 1748 435 1830 providi
469 1748 556 1808 Pauli
591 1747 753 1828 lagathicz
785 1747 931 1808 moderni
965 1748 1058 1827 jurati
1090 1768 1126 1808 ac
1157 1748 1299 1809 concivis
1334 1749 1446 1826 nostri,
1473 1768 1490 1809 a

223 1855 464 1937 septemtrione,
489 1875 525 1916 ac
548 1854 687 1936 desuper
710 1875 727 1916 a
753 1855 802 1915 via
835 1855 998 1915 communi
1031 1856 1071 1915 ab
1103 1856 1216 1916 arbore
1242 1855 1331 1936 pomi
1357 1854 1490 1917 descen·

224 1960 331 2023 dendo
355 1980 412 2042 per
436 1961 563 2021 vineam
587 1960 719 2021 totalem
746 1960 785 2020 ad
803 1961 951 2021 arborem
977 1961 1079 2021 cerusi
1097 1960 1205 2041 magni
1236 1959 1367 2040 fructus,
1391 1974 1422 2022 et
1447 1960 1488 2022 de

224 2066 337 2128 eadem
363 2068 476 2128 arbore
502 2066 603 2127 cerusi
629 2065 793 2127 descendit
828 2063 908 2126 inira
933 2065 972 2127 ad
1006 2067 1138 2127 terciam
1170 2068 1318 2129 arborem
1342 2067 1490 2130 similiter

225 2173 313 2254 pomi
339 2185 369 2232 et
393 2172 467 2233 inde
493 2171 578 2233 cadit
601 2171 641 2232 ad
666 2162 751 2232 viam
769 2190 974 2232 communem
1000 2173 1151 2233 omnibus
1169 2172 1281 2234 vicinis
1306 2173 1489 2236 deservien-

223 2293 300 2356 tem,
325 2279 423 2339 etsie
447 2278 688 2359 distinguuntur
712 2292 795 2339 mete
820 2291 850 2338 et
874 2277 991 2338 divisio
1021 2276 1164 2339 eiusdem
1190 2279 1293 2356 vinee,
1318 2298 1391 2340 curn
1417 2298 1486 2340 om·

225 2385 319 2445 nibus
344 2384 535 2445 utilitatibus
570 2383 716 2444 vendidit
749 2384 817 2444 viro
851 2384 988 2465 provido
1021 2384 1187 2446 Anthonio
1219 2384 1286 2447 filio
1309 2384 1489 2448 Clementia

224 2488 428 2550 inhabitatori
455 2503 562 2550 nostre
587 2489 725 2549 civitatis
750 2508 807 2570 pro
827 2509 943 2549 novem
966 2488 1035 2551 lior.
1053 2490 1120 2550 auri
1147 2489 1215 2571 jure
1241 2505 1397 2573 perpetuo
1414 2504 1485 2571 etc,

223 2615 259 2657 ac
284 2596 369 2657 iuxta
395 2595 620 2657 condicionem
647 2595 782 2657 civitatis
806 2609 913 2656 nostre
931 2595 1187 2676 disponendam
1212 2597 1262 2659 cui
1288 2598 1361 2658 data
1386 2610 1433 2659 est
1449 2597 1487 2659 li·

225 2716 290 2763 tera
319 2701 538 2783 privilegialis.

330 2808 427 2881 Quod
454 2809 580 2869 Marcus
605 2807 826 2869 Gwralcowicz
851 2823 1001 2869 executor
1031 2811 1210 2871 testamenti
1240 2811 1378 2872 verbalis
1409 2831 1485 2873 con·

223 2913 296 2974 dam
323 2914 467 2974 mulieris
489 2913 737 2993 Margarethicza
759 2927 870 2975 vocate
894 2914 1001 2975 relicte
1027 2914 1163 2975 condam
1183 2915 1361 2977 Clementis
1386 2913 1481 2978 freni-

224 3019 319 3100 paris,
345 3020 423 3080 olim
448 3020 588 3079 concivis
613 3021 723 3096 nostri,
756 3019 945 3081 vendiderat
976 3020 1149 3100 quemdam
1176 3020 1312 3083 fundum
1337 3022 1484 3085 eiusdem

226 3124 334 3186 relicte
360 3124 552 3204 Margeticza
578 3138 700 3202 vocate,
719 3124 867 3185 videlicet
884 3145 979 3186 unam
998 3127 1123 3186 stubam
1142 3146 1214 3187 curn
1240 3147 1363 3189 camera
1382 3128 1486 3190 eidem

224 3230 389 3292 adiacente
415 3246 445 3290 et
477 3230 617 3311 pretorio
649 3250 744 3312 super
776 3230 910 3292 domum
944 3246 1101 3292 muratam
1135 3245 1165 3292 et
1197 3252 1326 3294 murum
1351 3235 1487 3295 civitatis

223 3349 330 3396 nostre
355 3355 453 3417 penes
477 3351 600 3416 portam
628 3336 788 3417 lapideam
814 3337 1020 3411 existentem;
1043 3337 1118 3398 item
1144 3358 1290 3400 securum
1318 3340 1485 3402 introitum

223 3461 279 3523 per
303 3454 428 3523 portam
454 3454 484 3502 et
510 3441 647 3501 liberum
672 3462 837 3503 ascensum
864 3463 920 3524 per
936 3443 1055 3523 gradus
1072 3463 1107 3503 ac
1132 3444 1231 3506 libera
1256 3445 1307 3505 via
1333 3445 1372 3505 ad
1397 3448 1483 3507 cloa-

222 3567 291 3608 cam
318 3548 348 3608 in
375 3566 467 3608 muro
492 3547 610 3624 habita,
638 3561 669 3608 et
702 3568 794 3609 usum
827 3548 960 3611 cisterne
994 3550 1025 3610 in
1060 3550 1129 3632 ipso
1165 3550 1266 3613 fundo
1291 3551 1416 3627 habite;
1449 3573 1483 3614 ac

223 3653 385 3734 quandam
418 3652 593 3714 stacionem
628 3672 725 3733 penes
757 3654 923 3715 introitum
969 3670 1059 3736 porte
1091 3656 1253 3732 habitam;
1285 3658 1340 3718 sed
1377 3674 1482 3719 tamen

222 3757 368 3819 Thomas
391 3774 480 3819 sutor
504 3757 588 3819 filius
615 3759 767 3820 Demetrii
794 3759 832 3821 de
859 3760 933 3821 villa
959 3760 1116 3823 Omnium
1143 3763 1334 3824 Sanctorum
1359 3764 1482 3844 pridem

222 3863 342 3943 juratus
367 3863 563 3925 etconcivis
588 3878 694 3927 noster
718 3866 864 3926 conscius
889 3867 957 3926 cius
989 3882 1018 3927 ct
1043 3888 1152 3948 gener,
1176 3884 1342 3950 tamquam
1368 3871 1485 3932 melius

221 3970 334 4032 volens
365 3984 396 4032 et
427 3983 593 4052 tamquam
630 3971 734 4053 ipsum
770 3972 925 4052 legittime
965 3990 1212 4037 concernentem
1250 3995 1307 4057 pro
1332 3977 1484 4057 predictis

223 4077 335 4138 decem
360 4076 429 4139 flor.
463 4095 536 4137 cum
560 4077 780 4139 additamento
811 4080 906 4140 trium
943 4080 1010 4141 llur.
1044 4101 1102 4163 pro
1124 4101 1157 4142 se
1190 4081 1300 4142 habuit
1325 4082 1392 4162 jure
1418 4103 1483 4144 me·

224 4182 344 4261 diante,
371 4202 444 4244 cum
469 4184 587 4265 quibus
610 4183 721 4245 decem
748 4184 816 4247 flor.
845 4186 1049 4266 obligabatur
1080 4187 1139 4248 sibi
1165 4186 1306 4269 prelatus
1332 4187 1485 4250 Clemens

221 4286 372 4367 frenator,
395 4307 492 4371 super
515 4288 633 4370 quibua
650 4290 716 4370 ipse
740 4289 886 4351 Thomas
904 4292 1052 4373 deposuit
1069 4292 1283 4369 juramentum
1302 4295 1333 4354 in
1352 4296 1484 4356 ecclesia

221 4395 322 4457 sancti
348 4396 458 4473 Marci,
481 4415 555 4457 cum
572 4396 724 4457 omnibus
748 4396 892 4457 eiusdem
911 4397 1000 4458 l'undi
1021 4399 1212 4460 utilitatibus
1236 4421 1271 4463 ac
1297 4402 1381 4462 iuxta
1407 4421 1483 4463 con·

221 4501 385 4565 dicionem
408 4502 546 4565 civitatis
570 4516 676 4565 nostre
701 4503 740 4564 de
765 4503 877 4563 eadem
910 4503 1124 4585 disponendi3
1149 4506 1199 4567 cui
1225 4507 1296 4569 data
1322 4523 1368 4570 est
1393 4508 1484 4570 litera

221 4606 443 4689 privilegialis.

328 4711 427 4795 Quod
458 4712 593 4805 provida
623 4714 739 4779 mulier
772 4715 963 4809 Magdalena
996 4716 1104 4783 relicta
1135 4716 1273 4783 condam
1308 4718 1397 4787 Pauli
1423 4716 1482 4789 filii
