3428 5256
752 345 839 400 Anno
862 353 950 419 1471.

218 553 380 631 orientali,
394 552 599 614 meridionali
613 568 643 614 et
657 552 848 614 occidentali
863 569 893 613 et
908 554 989 615 inter
1003 552 1100 615 fenile
1118 553 1255 616 liberum
1270 557 1328 617 viri
1343 557 1479 619 condam

217 659 341 741 providi
360 673 391 721 et
407 659 532 720 honesti
559 658 699 737 Martini,
725 659 803 720 olim
821 658 935 738 judicis
959 673 990 721 et
1006 660 1148 721 concivis
1164 662 1276 739 nostri,
1301 683 1317 723 a
1341 678 1479 745 septem·

216 767 319 829 trione
343 766 500 843 habitum,
526 765 612 846 quod
639 765 724 828 idem
750 766 887 827 condam
913 766 1068 827 Martinus
1098 766 1192 846 judex
1218 770 1481 832 testamentaliter

216 873 257 933 ad
281 893 367 934 aram
393 873 492 935 sancti
517 872 642 933 Nicolai
669 872 811 954 episcopi
836 887 866 933 et
890 871 1082 933 confessoris
1111 874 1141 934 in
1168 874 1290 955 capella
1314 874 1482 957 hospitalis

217 980 308 1040 beate
335 980 434 1040 Marte
452 979 585 1059 virginis
601 977 632 1039 in
650 978 734 1040 dicta
751 978 878 1039 civitate
896 979 1068 1040 constructi
1087 993 1117 1041 et
1142 979 1276 1057 fundati,
1302 982 1481 1059 dimissum,

216 1105 288 1146 cum
314 1086 466 1146 omnibus
500 1084 645 1146 eiusdem
679 1082 785 1145 fenilis
817 1083 1051 1145 condicionalis
1083 1085 1276 1147 utilitatibus
1307 1100 1338 1147 et
1369 1088 1481 1148 condi·

216 1192 307 1252 cione
334 1189 531 1272 infrascripta
550 1190 688 1270 provido
714 1190 782 1250 viro
801 1189 949 1251 Michaeli
968 1189 1097 1272 pellihci
1116 1191 1363 1274 Nasperychych
1382 1194 1479 1270 dicto,

216 1298 334 1358 seniori
360 1297 463 1377 jurato
488 1310 519 1358 et
550 1296 673 1358 concivi
708 1310 828 1374 nostro,
861 1316 896 1357 ac
931 1316 986 1378 per
1020 1316 1093 1358 eum
1125 1298 1190 1359 suis
1221 1297 1392 1360 heredibus
1423 1318 1481 1381 pro

217 1419 354 1485 quatuor
379 1404 485 1485 pensis
510 1403 716 1464 denariorum
735 1404 971 1464 wiennensium
998 1404 1203 1465 vendidimus
1227 1419 1258 1465 et
1282 1406 1481 1467 contulimus

217 1511 258 1570 ita
282 1524 401 1588 tamen,
426 1509 514 1590 quod
538 1510 605 1590 ipse
632 1508 770 1570 Michael
791 1524 821 1570 et
837 1510 886 1570 sui
912 1509 1046 1571 heredes
1063 1511 1225 1591 ceterique
1251 1512 1350 1592 ipsius
1375 1511 1481 1573 fenilis

215 1616 450 1678 condicionalis
475 1634 533 1697 pro
558 1629 702 1697 tempore
729 1635 927 1696 possessores
952 1616 991 1677 de
1021 1616 1091 1697 ipso
1115 1615 1205 1678 lenili
1230 1618 1366 1698 singulis
1389 1618 1481 1679 annis

215 1735 339 1783 sextum
364 1740 493 1783 currum
519 1719 583 1782 leni
609 1721 702 1782 nobis
726 1721 846 1782 scilicet
869 1722 1093 1783 communitati
1112 1736 1142 1784 et
1167 1724 1283 1785 nostris
1307 1725 1480 1786 comitibus

215 1828 291 1890 dare
315 1843 345 1889 et
369 1828 493 1889 solvere
517 1829 712 1888 tenebuntur
746 1842 903 1909 eruntque
935 1828 1093 1909 obligati;
1127 1849 1222 1911 super
1247 1849 1312 1911 quo
1338 1830 1408 1890 dara
1435 1844 1480 1891 est

214 1934 319 1996 eidem
343 1934 434 1995 litera
459 1947 566 1994 nostra
590 1933 810 2015 privilegialis.

321 2039 418 2112 Quod
446 2039 522 2120 quia
548 2038 681 2119 provida
699 2038 831 2100 domina
851 2043 959 2119 Agnes
982 2055 1107 2117 vocata,
1125 2040 1232 2101 relicta
1257 2040 1314 2101 viri
1341 2041 1478 2101 condam

215 2145 340 2228 providi
366 2145 493 2206 Andree
519 2145 635 2205 rasoris
658 2164 838 2226 pannorum
857 2145 934 2205 olim
954 2147 1094 2206 concivis
1119 2147 1217 2207 nostri
1242 2147 1281 2206 de
1307 2147 1477 2207 Nouosero

216 2251 361 2315 vendidit
385 2251 549 2332 quandam
574 2252 700 2312 vineam
726 2270 816 2312 suam
844 2253 1053 2334 Kamennyalt
1079 2268 1235 2330 vocatam,
1261 2253 1291 2312 in
1317 2253 1478 2314 territorio

215 2372 337 2436 nostro,
361 2377 396 2419 ac
422 2359 502 2419 inter
520 2359 628 2418 vineas
652 2372 759 2419 nostre
776 2358 1017 2419 communitatis
1033 2358 1283 2436 condicionales,
1300 2378 1357 2440 per
1374 2359 1477 2439 quod-

215 2463 289 2526 dam
315 2464 468 2525 lossatum
495 2465 663 2545 antiquum
682 2484 698 2524 a
720 2463 813 2544 plaga
832 2463 1047 2541 meridionali,
1066 2464 1096 2524 in
1115 2483 1181 2545 quo
1206 2464 1324 2525 fossato
1342 2464 1478 2544 desuper

215 2570 277 2632 due
302 2572 442 2647 arbores,
468 2590 531 2631 una
556 2588 692 2650 quercus
717 2583 748 2630 et
771 2570 833 2631 alia
859 2570 945 2651 pirus
962 2570 1114 2631 silvestris
1138 2583 1168 2631 et
1193 2572 1232 2631 ab
1250 2569 1330 2630 inlra
1356 2571 1387 2630 in
1414 2571 1476 2629 vir·

215 2677 307 2756 gulto
331 2697 387 2738 seu
411 2677 491 2737 silva
517 2676 579 2737 alia
612 2676 707 2736 arbor
738 2676 891 2756 quercina
923 2676 1020 2756 vulgo
1053 2675 1183 2736 harazth
1211 2676 1306 2751 dicta,
1331 2677 1478 2738 crucibus

214 2783 337 2864 signate
361 2798 392 2845 et
415 2802 473 2864 pro
498 2797 581 2843 meta
607 2783 720 2860 locate,
754 2801 892 2843 unacum
911 2782 1051 2863 virgulto
1068 2801 1123 2843 seu
1148 2782 1227 2842 silva
1253 2782 1357 2844 eidem
1384 2783 1476 2844 vinee

214 2889 273 2949 sub
298 2902 328 2950 et
353 2890 465 2949 subtus
495 2888 728 2966 adjacentibus,
760 2909 795 2948 ac
829 2889 909 2949 inter
934 2903 964 2948 er
997 2907 1094 2970 penes
1124 2888 1236 2948 silvam
1262 2888 1320 2949 viri
1346 2889 1471 2970 providi

216 2994 300 3056 l'etri
325 2993 424 3056 villici
450 2994 489 3054 de
515 2993 647 3076 Dedycb
681 2994 827 3055 similiter
859 2994 999 3055 concivis
1031 2994 1129 3055 nostri
1156 2991 1213 3056 lilii
1239 2994 1393 3055 Demetrii
1420 2993 1476 3055 lilii

215 3101 327 3162 Briccii
342 3100 380 3160 de
406 3099 482 3160 villa
501 3099 677 3176 Craletvcz,
695 3120 712 3160 a
730 3114 818 3181 parte
836 3100 1102 3180 septemtrionali,
1120 3100 1256 3181 desuper
1280 3119 1297 3160 a
1322 3100 1372 3161 via
1390 3119 1478 3160 com·

214 3207 303 3268 muni
328 3227 346 3268 a
370 3220 458 3288 parte
496 3206 646 3268 orientali
672 3206 790 3283 habita,
820 3205 1005 3288 incipiendo
1037 3205 1219 3286 aquadam
1245 3207 1357 3267 arbore
1382 3226 1475 3287 quer-

215 3313 284 3374 cina
310 3310 484 3374 bilrondita
510 3332 609 3394 prope
636 3325 667 3372 et
690 3332 788 3394 penes
813 3312 948 3373 eandem
974 3311 1057 3373 viam
1091 3312 1216 3372 duabus
1240 3313 1387 3373 crucibus
1411 3313 1473 3393 sig-

214 3433 285 3479 nata
323 3432 353 3479 et
378 3438 434 3500 per
465 3418 593 3478 easdem
626 3420 736 3479 ambas
768 3433 872 3499 partes
896 3438 953 3500 pro
985 3433 1069 3479 meta
1094 3418 1207 3495 locata,
1232 3432 1262 3478 et
1287 3420 1326 3479 ab
1358 3419 1469 3479 eadem

213 3525 327 3586 arbore
352 3524 505 3606 quercina
532 3523 612 3584 infra
637 3524 676 3584 ad
701 3539 823 3605 partem
841 3524 1074 3586 occidentalem
1099 3523 1306 3605 procedendo
1331 3525 1418 3585 venit
1436 3524 1476 3585 ad

213 3630 376 3711 quandam
401 3633 549 3692 arborem
575 3645 719 3691 castanea
752 3649 902 3710 magnam
936 3630 1061 3691 duabus
1093 3631 1240 3692 crucibus
1264 3631 1421 3711 signatam
1446 3644 1477 3693 et

215 3755 274 3819 pro
306 3750 390 3799 meta
424 3737 579 3814 locatam,
605 3735 720 3797 dehinc
754 3737 887 3797 ulterius
911 3737 950 3798 de
982 3736 1094 3797 eadem
1128 3738 1241 3798 arbore
1266 3753 1411 3799 castanee
1436 3738 1475 3799 ad

212 3841 368 3925 prefatam
393 3857 516 3925 partem
541 3843 775 3904 occidentalem
802 3843 909 3904 eundo
934 3843 1021 3904 vadit
1053 3857 1083 3904 et
1108 3844 1253 3925 pervenit
1277 3844 1317 3904 ad
1341 3858 1404 3906 tres
1429 3864 1475 3905 ar·

215 3949 309 4011 bores
333 3949 502 4030 quercinas
527 3968 624 4009 unam
653 3963 725 4029 post
757 3949 853 4009 aliam
886 3963 1065 4030 sequentes,
1098 3949 1245 4010 crucibus
1276 3950 1415 4030 signatas
1447 3965 1477 4011 et

213 4073 269 4136 per
293 4054 421 4116 easdem
448 4070 554 4136 partes
571 4074 629 4136 pro
646 4068 731 4116 meta
749 4054 878 4132 locatas,
896 4069 926 4115 et
944 4054 1060 4115 abhinc
1078 4055 1211 4115 ulterius
1234 4055 1371 4135 girando
1390 4056 1476 4117 vadit

211 4160 252 4222 ad
276 4161 439 4242 quandam
465 4163 611 4222 arborem
639 4176 784 4222 castanee
808 4180 971 4240 magnam,
996 4161 1120 4222 duabus
1145 4162 1292 4222 crucibus
1316 4162 1473 4243 signatam

211 4281 242 4330 et
266 4287 324 4351 pro
349 4281 433 4330 meta
457 4267 606 4344 locatam,
631 4282 662 4329 et
685 4269 726 4328 ab
743 4268 857 4329 eadem
883 4269 997 4329 arbore
1016 4268 1149 4329 ulterius
1169 4267 1249 4328 infra
1268 4269 1474 4350 procedendo

212 4373 358 4455 pervenit
383 4393 483 4454 usque
502 4374 640 4434 rivulum
667 4393 722 4434 seu
741 4389 881 4435 meatum
904 4393 998 4454 aque,
1016 4374 1124 4454 ibique
1142 4375 1364 4452 terminantur,
1379 4377 1475 4437 simul

211 4498 284 4541 cum
316 4479 470 4542 omnibus
503 4479 710 4562 pertinenciis
740 4479 877 4561 provido
917 4480 986 4540 viro
1019 4480 1112 4540 Petro
1144 4479 1284 4561 sellipari
1318 4482 1475 4543 moderno

211 4585 315 4667 jurato
339 4606 375 4648 ac
399 4605 457 4668 per
481 4606 553 4647 eum
579 4587 645 4648 suis
669 4585 841 4647 heredibus
866 4604 924 4668 pro
957 4601 1079 4667 septem
1105 4586 1174 4647 llor.
1199 4588 1278 4659 auri,
1302 4585 1370 4648 lilio
1396 4588 1475 4669 Elye

211 4690 367 4777 Vucbych
390 4692 477 4755 dicto
502 4693 541 4754 de
567 4690 684 4771 Crisio,
701 4691 848 4755 vendidit
864 4705 894 4754 et
914 4693 1051 4755 contulit
1068 4712 1174 4755 coram
1194 4693 1288 4754 nobis
1312 4692 1379 4773 jure
1404 4713 1473 4776 per·

211 4812 311 4883 petuo
333 4798 505 4862 tenendam
539 4812 571 4862 et
602 4797 803 4876 habendam,
836 4818 933 4882 super
965 4818 1031 4881 quo
1054 4812 1129 4861 sunt
1159 4798 1263 4860 eidem
1289 4799 1362 4861 date
1386 4799 1475 4862 litere

211 4903 429 4991 privilegialee
452 4905 535 4968 dicte
559 4904 807 4969 communitatis.
1335 4918 1353 4953 ⁸
