3428 5256
333 550 410 615 ltem
436 552 602 634 Anthonij,
629 553 735 614 media
759 555 857 615 curia.

333 659 411 723 Item
438 659 578 738 Thadei,
603 660 731 721 Martini
756 657 786 721 8(
804 659 892 737 luen,
909 683 971 724 una
989 664 1075 724 curia
1093 660 1197 746 (solvit
1216 663 1300 726 luen
1322 663 1361 726 de
1375 623 1491 746 qieerta

228 769 257 828 et
283 763 452 828 Martinus
475 763 513 828 rie
537 765 706 845 quartae
732 763 859 829 Thedeo
874 765 1031 847 defeleeri
1053 769 1089 831 ir
1111 789 1261 846 mereare,
1285 789 1380 851 super
1396 791 1491 852 quem

221 869 359 952 juravit,
384 869 468 951 quod
490 889 554 934 nore
576 869 641 952 fuit
665 870 700 932 ire
723 869 863 955 lepiairo)

332 976 412 1039 item
437 977 569 1040 domine
594 977 700 1057 Clare,
726 998 790 1040 una
814 980 911 1044 curia.

333 1083 410 1145 item
436 1083 546 1145 Jacobi
571 1084 658 1162 Bele,
684 1099 747 1147 tres
773 1100 896 1167 quarte.

332 1189 409 1252 Item
435 1189 582 1271 Gregorii
608 1191 772 1270 aurifabri,
797 1206 860 1255 tres
881 1207 1003 1275 quarte.

332 1296 410 1358 item
436 1296 544 1359 relicte
568 1296 707 1375 Andree,
732 1312 794 1360 tres
818 1314 929 1382 quarte
962 1299 1182 1383 (communitae
1205 1300 1327 1366 dimisit
1350 1300 1434 1386 aibr).

331 1400 407 1465 ltem
433 1402 575 1466 Cuasech
599 1403 765 1485 aurifabri,
790 1425 853 1468 utra
877 1407 964 1469 curia
989 1427 1062 1470 cum
1088 1424 1211 1490 quarta.

695 1636 821 1697 Nona
856 1637 1024 1700 insula.

332 1776 439 1838 Primo
465 1776 605 1838 filiorum
632 1777 819 1858 Martinkua,
843 1799 907 1841 utra
929 1781 1027 1844 curia.

331 1882 408 1945 Item
434 1882 601 1960 lobannis,
626 1882 682 1946 filii
707 1884 875 1966 Anthonij,
898 1885 961 1947 due
985 1887 1072 1948 curie
1096 1884 1208 1970 (iudex
1230 1885 1297 1968 esi).

333 1989 409 2051 Item
436 1989 543 2050 relicte
572 1989 770 2076 Pintikachy,
794 1992 901 2054 media
930 1993 1017 2055 curia
1041 1990 1169 2075 (solvit).

330 2094 406 2157 ltem
432 2095 569 2176 Jurgiini
595 2097 700 2157 media
725 2098 811 2158 curia
837 2117 909 2159 cum
934 2114 1056 2162 octava.

329 2200 406 2263 item
433 2201 503 2262 Elie
529 2203 710 2263 stationarii
737 2216 799 2264 tres
823 2219 945 2285 quarte.

330 2306 407 2369 Item
432 2307 562 2385 Cosme,
588 2309 694 2369 media
718 2310 814 2372 curia.

329 2412 405 2477 Item
432 2415 601 2493 Lackonis,
628 2415 733 2477 media
757 2415 854 2480 curia.

330 2517 410 2581 Item
436 2521 603 2582 Michaelis
628 2521 760 2603 Hudlep
786 2541 849 2583 una
873 2525 970 2586 curia.

330 2624 406 2688 ltem
433 2626 582 2710 Puchocy
607 2647 669 2688 una
694 2628 780 2689 curia
805 2624 961 2711 (relterari
981 2648 1041 2710 pro
1063 2626 1165 2692 debito
1186 2628 1265 2712 auo).

331 2731 407 2794 Item
427 2733 514 2795 Luce
530 2733 657 2795 Bonioli
668 2754 731 2796 urta
748 2736 835 2797 curia
850 2754 924 2796 cum
938 2737 1043 2797 media
1057 2731 1214 2819 (relaxavi
1224 2754 1287 2815 pro
1295 2733 1398 2798 debeo
1409 2737 1488 2816 suo).

330 2837 407 2900 Item
441 2840 564 2900 domiui
599 2839 681 2903 Petri
714 2841 833 2922 Ligerij
866 2857 929 2904 tter
960 2843 1046 2903 curie
1078 2861 1151 2903 cum
1182 2857 1293 2925 quarta
1318 2838 1488 2926 (defeleavi

219 2963 281 3026 pro
304 2942 407 3006 debito
428 2963 485 3007 auo
508 2964 612 3008 omnes
642 2946 750 3010 curies
778 2965 855 3010 sees
876 2951 905 3010 et
935 2944 1073 3010 aliorum
1102 2948 1189 3011 eirea
1213 2948 1318 3028 ipsum
1347 2945 1481 3025 Ganim',

223 3154 328 3218 relicte
357 3154 495 3221 Jendree
525 3158 721 3238 carpentarii
750 3157 886 3222 mediam
916 3159 1039 3223 curiam
1063 3178 1165 3242 prope
1190 3157 1398 3237 Demetrium,
1422 3158 1487 3223 De-

223 3262 330 3343 metrr'j
353 3262 457 3326 media
480 3264 592 3346 ouria).

331 3369 486 3451 Sumpma
505 3371 681 3433 insularum
697 3370 772 3434 iacit
784 3386 912 3433 centum
926 3373 1029 3434 curiae
1041 3386 1072 3433 et
1089 3372 1200 3434 decem
1218 3373 1326 3435 minua
1338 3388 1486 3454 quatuor.

575 3601 1132 3668 VicusTeutonicorum.

331 3741 439 3802 Primo
465 3742 620 3803 iohannis
642 3743 770 3821 sutoris,
795 3758 907 3824 quarta
932 3762 1004 3804 cum
1029 3758 1151 3804 octava.

329 3846 405 3908 Item
432 3849 585 3930 Stephani
614 3849 750 3925 Korder,
774 3864 886 3930 quarta
911 3868 984 3910 cum
1010 3863 1131 3911 octava.

328 3952 404 4016 Item
431 3954 517 4036 Span
542 3954 648 4016 media
673 3956 771 4018 curia.

329 4060 405 4121 Item
434 4061 555 4121 Mareni
581 4075 694 4142 quarta
719 4082 792 4123 cum
817 4075 940 4124 octava.

326 4166 402 4228 ltem
431 4167 583 4245 Demetrii
610 4183 721 4249 quarta
746 4188 817 4230 cum
843 4183 966 4230 octava.

327 4272 402 4335 item
432 4273 616 4354 Dregilonia
645 4293 706 4334 una
731 4288 853 4354 quarta.

327 4378 404 4442 ltem
431 4379 486 4440 filii
515 4380 656 4457 Wlkote,
681 4395 792 4461 quarta
817 4398 891 4441 cum
916 4394 1040 4442 octava.

326 4487 403 4549 ltem
429 4488 536 4549 relicte
563 4488 652 4549 Pauli
678 4488 799 4564 Bobek,
823 4501 936 4569 quarta
960 4506 1032 4547 cum
1058 4501 1182 4548 octava.

327 4593 405 4657 ltem
432 4594 570 4674 Andtee,
596 4614 658 4656 utra
688 4611 810 4676 quarta.

327 4698 402 4762 item
429 4699 558 4762 Thome
581 4701 708 4779 autoris,
732 4719 794 4762 una
819 4714 942 4782 quarta.

327 4804 404 4868 ltem
429 4807 512 4869 Petri
537 4807 665 4887 euteria,
688 4825 753 4870 una
781 4820 905 4890 quarta.
