3428 5256
226 326 270 386 42
762 309 848 365 Anno
871 303 966 385 1480.

326 415 731 423 ---.—-.-..-.————.-
743 414 863 420 ——--
878 414 919 420 -—.
1221 412 1491 420 *-

225 521 366 582 concivis
382 519 492 597 nostri,
509 518 654 581 vendidit
670 519 797 580 vineam
811 538 901 580 suam
919 538 1019 600 prope
1033 518 1200 581 ecclesiam
1217 516 1323 580 sancti
1345 513 1493 597 Georgii,

226 626 350 709 prefato
375 626 518 707 Georgio
543 624 752 708 Vythkowicz
776 644 834 707 pro
859 623 1010 686 undecim
1035 623 1104 687 llor.
1129 624 1208 687 auri.

332 750 410 812 ltem
435 749 531 811 frater
555 749 700 810 Thomas
717 748 804 830 prior
828 748 1015 810 monasterii
1031 749 1130 810 sancti
1149 747 1273 810 Nicolai
1298 744 1491 808 auctoritate

226 857 382 938 legittima
407 856 467 917 sibi
492 874 549 937 per
573 855 709 916 condam
736 855 900 915 dominam
921 853 1155 935 Margaretham
1180 854 1323 916 relictam
1347 851 1486 914 condam

225 964 312 1024 Luce
336 962 446 1044 valpot
477 961 517 1023 de
549 962 678 1043 Kywar,
710 959 856 1022 vendidit
889 959 1024 1021 domum
1057 973 1213 1023 muratam
1246 977 1320 1021 cum
1353 972 1434 1020 terra
1461 972 1492 1021 et

225 1067 327 1130 fundo
352 1069 383 1128 in
408 1068 534 1129 civitate
567 1066 708 1148 predicta
743 1067 824 1127 inter
857 1065 990 1128 domum
1024 1065 1095 1127 Elie
1120 1064 1237 1128 lusoris
1260 1083 1489 1146 campanarum

227 1188 258 1236 et
282 1175 406 1237 Nicolai
432 1173 622 1235 lwanowicz
647 1174 686 1234 ab
711 1173 809 1234 altera
838 1185 938 1253 parte,
963 1192 1021 1254 pto
1053 1171 1235 1234 octodecim
1261 1171 1330 1235 llor.
1354 1171 1491 1253 provido

229 1281 350 1342 Jacobo
375 1278 442 1341 filio
467 1279 581 1340 Wltici
607 1278 646 1340 de
672 1276 781 1362 Flych.

331 1404 408 1467 ltem
433 1404 580 1485 Filippus
606 1402 720 1464 Dwdin
746 1402 850 1463 dictus
873 1402 980 1462 senior
1018 1403 1139 1480 juratus
1163 1415 1194 1464 et
1217 1402 1359 1464 concivis
1383 1414 1491 1463 noster

225 1510 371 1571 vendidit
395 1509 569 1571 Dominico
594 1508 661 1571 filio
679 1508 814 1569 condam
842 1507 1002 1568 Valentini
1027 1508 1180 1569 Saronicz
1205 1526 1264 1590 pro
1289 1506 1401 1570 decem
1418 1505 1488 1570 flor.

225 1617 291 1678 auri
316 1616 489 1697 quemdam
516 1615 671 1698 (hlortum
697 1634 769 1676 cum
795 1614 934 1695 quadam
953 1614 1107 1696 particula
1133 1615 1225 1675 vinee
1250 1627 1335 1676 extra
1361 1632 1487 1675 murum

225 1724 361 1784 civitatis
384 1742 484 1804 prope
509 1737 632 1804 portam
659 1720 843 1782 carnificum
878 1740 975 1803 penes
999 1721 1153 1800 (hlortum
1183 1718 1296 1801 prelati
1324 1720 1485 1782 Dominici

224 1849 240 1889 a
265 1829 517 1910 septemtrionali
542 1842 572 1890 et
596 1828 749 1908 (hlortum
775 1827 870 1888 Blasii
897 1827 1060 1888 Zteniczki
1086 1847 1102 1887 a
1127 1827 1316 1906 meridiem,
1341 1840 1372 1888 et
1400 1826 1483 1889 inter

227 1935 353 1996 vineam
379 1934 535 1995 Anthonii
561 1934 600 1994 de
626 1933 770 1994 Kloltocz
795 1932 954 2014 (senioris)
979 1932 1093 2011 judicis
1117 1933 1228 2010 nostri,
1253 1935 1293 1994 ab
1318 1933 1484 1996 occidente

227 2042 420 2121 enstmtliter
445 2061 461 2101 a
478 2040 706 2122 septemtrione
723 2059 821 2121 penes
838 2039 991 2120 (hlortum
1010 2053 1040 2100 et
1058 2040 1183 2100 vineam
1210 2040 1386 2102 liberorum
1411 2060 1489 2102 con·

225 2147 297 2208 dam
324 2147 486 2208 Valentini
512 2147 673 2227 Pangracz
698 2145 785 2206 dicti.

330 2272 405 2333 ltem
425 2270 561 2332 Michael
585 2285 672 2332 sutor
689 2269 774 2331 lilius
791 2270 897 2349 Egidii
915 2270 954 2330 de
974 2270 1137 2352 Pisanyce,
1161 2270 1303 2332 concivis
1320 2284 1426 2332 noster
1458 2286 1489 2332 et

229 2378 341 2439 Vrsula
367 2397 498 2439 consors
521 2397 576 2438 sua
602 2376 666 2437 filia
698 2376 835 2436 condam
870 2376 955 2436 Luce
987 2377 1102 2437 sutoris
1134 2376 1212 2437 olim
1236 2375 1329 2456 jurati
1354 2390 1385 2437 et
1409 2395 1487 2438 con·

226 2485 305 2545 civis
330 2484 440 2545 nostri.
464 2518 507 2528 -
540 2483 617 2544 ltem
650 2483 801 2543 Nicolaus
833 2481 917 2543 filius
948 2482 1077 2543 Thome
1111 2483 1312 2565 propinquus
1347 2482 1485 2546 condam

225 2591 347 2651 Vitesin
370 2606 400 2650 et
425 2590 557 2651 Jalsicza
586 2608 716 2649 consors
741 2608 796 2648 sua
822 2587 885 2648 lilia
909 2588 1056 2650 similiter
1081 2587 1193 2670 prelati
1220 2589 1305 2650 Luce
1329 2588 1469 2652 vendidc

224 2713 298 2757 runt
322 2697 476 2778 (vineam)
502 2694 644 2776 Georgio
670 2714 824 2776 arcuparo
849 2693 916 2755 filio
942 2694 1129 2773 Clementis,
1160 2695 1265 2775 jurato
1297 2708 1328 2756 et
1359 2696 1487 2758 concivi

225 2818 345 2879 nostro,
369 2802 464 2862 simul
490 2821 561 2862 cum
586 2801 726 2881 virgulto
751 2801 809 2860 sibi
834 2801 1009 2862 subiacenti
1035 2822 1093 2882 pro
1117 2816 1239 2883 septem
1264 2801 1333 2863 flor.

331 2927 407 2987 ltem
433 2926 585 2986 dominus
610 2926 793 2986 Demetrius
809 2926 1039 3006 prebendarius
1065 2927 1096 2986 in
1111 2927 1245 2987 ecclesia
1268 2927 1368 2989 sancti
1387 2928 1486 2989 Marci

225 3048 255 3094 et
280 3031 394 3094 Gallus
419 3032 574 3093 Kodelicz
599 3046 784 3093 executores
808 3032 987 3093 testamenti
1017 3033 1155 3093 condam
1182 3032 1301 3093 Mathie
1325 3033 1489 3116 arcuparis

223 3138 440 3199 vendiderunt
465 3138 598 3199 domum
624 3138 689 3197 sive
714 3138 808 3198 civile
829 3138 974 3198 eiusdem
993 3138 1111 3199 Mathis
1136 3158 1235 3220 penes
1260 3139 1394 3200 domum
1412 3158 1488 3201 con·

223 3246 297 3307 dam
323 3244 451 3305 Thome
478 3243 655 3321 frenatoris,
680 3264 697 3304 a
723 3244 867 3322 meridie,
900 3257 930 3305 et
955 3264 1052 3325 penes
1084 3245 1216 3306 domum
1244 3246 1486 3307 communitatis

222 3351 381 3431 judicialis
407 3351 542 3432 provido
568 3350 710 3431 Georgio
743 3349 809 3412 filio
835 3350 1013 3412 Clementis
1044 3351 1206 3433 arcuparis
1239 3371 1297 3433 pro
1331 3367 1484 3433 quatuor·

226 3456 329 3519 decim
358 3456 427 3519 flor.

330 3582 405 3642 ltem
433 3581 540 3642 relicta
571 3581 672 3643 Elena
705 3582 841 3642 condam
877 3582 1038 3643 Valentini
1071 3583 1188 3643 sutoris
1220 3583 1377 3644 thocbicz
1402 3582 1479 3646 dieti

221 3689 368 3750 vendidit
393 3690 501 3750 lwano
526 3688 592 3750 filio
611 3689 716 3750 Cerne
735 3689 936 3750 lvlawrowicz
954 3689 993 3750 de
1013 3691 1241 3771 Sublippowcz
1267 3710 1323 3772 pto
1341 3691 1485 3774 quinque

222 3795 292 3856 flor.
317 3795 480 3876 quandam
506 3797 632 3856 vineam
665 3814 755 3857 suam
782 3795 812 3855 in
844 3796 1004 3856 territorio
1038 3809 1147 3856 nostro
1181 3796 1363 3856 lelenowcz
1388 3816 1486 3877 penes

222 3901 348 3961 vineam
374 3899 531 3962 desertam
559 3900 724 3962 Michaelis
743 3902 872 3963 Bertuni
896 3915 925 3961 et
950 3921 1048 3982 penes
1064 3902 1178 3963 silvam
1205 3902 1328 3963 domini
1354 3903 1483 3984 plebani

223 4005 262 4067 de
287 4006 428 4089 Chycza,
452 4025 523 4067 cum
550 4007 690 4085 virgulto
714 4008 774 4068 sibi
800 4007 976 4087 subjacenti
1007 4027 1108 4088 usque
1133 4008 1284 4069 rivulum.

330 4128 408 4191 ltem
435 4129 577 4191 Briccius
609 4131 747 4212 piscator
779 4132 881 4193 dictus
914 4132 1018 4193 Mirlco
1044 4132 1188 4192 vendidit
1221 4130 1339 4192 Matliie
1373 4132 1484 4193 sartori

223 4235 397 4298 successori
430 4235 547 4296 lladlin
581 4237 742 4316 quandam
776 4238 902 4298 vineam
943 4257 1032 4298 suam
1067 4258 1139 4298 cum
1172 4236 1311 4317 (blor10‚
1348 4253 1432 4299 retro
1456 4253 1486 4299 et

224 4361 325 4425 prope
350 4360 478 4403 murum
504 4342 641 4404 civitatis
664 4356 749 4403 extra
776 4357 898 4424 portam
925 4343 1121 4421 carnificum,
1148 4364 1210 4424 que
1236 4359 1302 4405 erat
1327 4345 1404 4405 alias
1428 4344 1484 4405 tlo-

223 4448 303 4510 mini
329 4447 508 4510 Clementis
532 4448 674 4528 magistri
701 4447 877 4530 hospitalis,
907 4468 964 4529 pro
990 4449 1141 4511 undecim
1167 4449 1237 4511 flor.
1261 4451 1340 4512 auri.

331 4554 407 4617 ltem
426 4553 525 4616 Elena
543 4554 635 4617 aliter
659 4555 803 4635 Dragava
829 4571 940 4616 vocata
958 4557 1066 4617 relicta
1093 4558 1231 4618 condam
1250 4556 1382 4639 Georgii
1407 4557 1484 4619 Dra·

223 4659 332 4743 gasvin
355 4659 432 4723 dicti
455 4659 602 4723 vendidit
627 4659 747 4722 Mathis
771 4661 882 4720 sartori
914 4664 1088 4723 successori
1121 4663 1258 4725 condam
1285 4663 1402 4725 Radlin
1426 4684 1485 4745 pro

225 4765 341 4853 viginti
365 4780 440 4835 octo
462 4765 533 4835 flor.
558 4767 723 4857 quandam
747 4767 873 4833 vineam
899 4786 972 4835 cum
1001 4772 1141 4859 virgulto
1165 4772 1224 4839 sibi
1250 4773 1426 4843 subiacenti
1452 4773 1483 4843 in
