3428 5256
251 306 293 366 70
783 291 868 347 Anno
891 302 983 367 1495.

251 500 362 561 bentes
385 515 415 561 et
440 501 654 585 approbantes
687 500 871 561 huiusmodi
906 513 1047 562 nostram
1080 499 1323 563 ordinacionem
1348 514 1379 560 et
1403 497 1516 560 vendi·

252 606 393 684 cionem,
418 607 456 667 ad
483 626 580 688 quam
608 607 667 688 ipsi
693 607 810 687 pariter
827 626 935 667 coram
953 607 1047 667 nobis
1071 606 1214 688 ipsorum
1239 606 1426 667 benivolum
1445 624 1517 687 pre-

252 714 390 775 buerunt
414 732 607 774 consensum
625 713 743 795 pariter
760 728 790 772 et
814 732 989 774 assensum.
1016 713 1133 775 Datum
1153 711 1230 774 leria
1254 713 1350 774 tercia
1377 712 1408 772 in
1435 710 1517 773 leato

252 818 335 880 beati
361 817 495 900 Georgii
521 819 669 880 martiris.
704 824 800 879 Anno
826 818 1165 881 Dominimillesimo
1197 818 1517 900 quadringentesimo

251 925 462 1005 nonagesimo
486 924 641 986 secundo.

358 1031 435 1093 Item
453 1031 541 1112 quod
559 1031 635 1112 quia
653 1051 712 1092 nos
730 1031 944 1093 communitas
960 1030 1123 1112 quandam
1141 1031 1300 1092 vinealem
1325 1029 1514 1111 particulam

250 1137 398 1199 similiter
423 1137 522 1220 ipsius
546 1136 684 1198 condam
711 1137 801 1197 Pauli
826 1136 995 1217 selliparis,
1024 1136 1120 1197 simul
1152 1156 1224 1197 cum
1249 1150 1332 1198 terra
1356 1135 1415 1197 sibi
1440 1137 1515 1196 sub-

251 1244 366 1305 iacenti
392 1243 422 1304 in
441 1242 604 1304 territorio
622 1256 732 1304 nostro
750 1243 832 1304 inter
849 1243 974 1303 vineam
1001 1241 1201 1303 honorabilis
1218 1242 1341 1303 domini
1361 1242 1514 1324 Stephani

250 1349 389 1412 altariste
413 1369 465 1410 are
489 1349 588 1410 sancti
615 1349 756 1426 Martini,
780 1369 796 1409 a
822 1363 910 1430 parte
934 1347 1189 1430 septemtrionali
1221 1363 1251 1409 et
1277 1348 1359 1409 inter
1383 1348 1511 1409 vineam

235 1457 474 1540 particularem
509 1456 711 1518 honorabilis
748 1454 885 1539 condam
924 1454 1048 1515 domini
1082 1454 1214 1534 Georgii
1247 1454 1375 1535 plebani
1407 1469 1514 1515 sancte

252 1561 464 1644 Margarethe‚
489 1583 506 1623 a
531 1575 620 1644 parte
639 1561 856 1639 meridionali,
879 1574 909 1621 et
926 1560 1064 1642 desuper
1089 1581 1105 1621 a
1130 1560 1180 1621 via
1198 1561 1361 1621 communi
1387 1565 1514 1641 magna,

251 1669 291 1730 ab
316 1669 494 1746 occidente,
519 1681 549 1729 et
574 1666 655 1729 infra
681 1687 783 1748 usque
817 1667 913 1728 aliam
942 1666 1025 1727 viam
1060 1684 1208 1746 magnam
1243 1685 1448 1727 communem
1474 1668 1514 1727 ab

252 1775 375 1835 oriente
400 1793 433 1835 se
465 1774 701 1852 extendentem,
734 1771 872 1856 provido
908 1771 1052 1833 Fabiano
1085 1770 1253 1856 Sypchych
1278 1771 1364 1832 dicto
1389 1771 1513 1832 concivi

252 1895 373 1960 nostro,
397 1899 432 1942 ac
456 1900 513 1963 per
539 1899 612 1942 eum
645 1880 711 1940 auis
743 1878 915 1941 heredibus
947 1879 1059 1939 ambas
1091 1879 1264 1960 particulas
1291 1879 1432 1940 vineales
1455 1897 1513 1960 pro

252 1987 365 2068 viginti
390 2000 530 2068 quatuor
554 1985 623 2050 flor.
658 1985 864 2047 vendidimus
897 1985 1009 2046 ordine
1043 1985 1140 2046 simili
1166 1998 1200 2047 ut
1223 1985 1371 2046 vendicio
1396 1984 1513 2046 domus

251 2093 398 2175 superius
422 2105 601 2174 expressate
625 2104 742 2168 exstat;
768 2091 807 2153 dc
832 2111 917 2153 anno
942 2104 972 2152 et
996 2091 1047 2152 die
1072 2090 1272 2173 supradictis.
