3428 5256
629 1377 757 1469 (Anno
785 1374 942 1463 Domini
969 1373 1121 1468 MDIX.)

250 1735 338 1812 ltern
374 1737 407 1810 in
437 1757 530 1810 anuo
568 1733 709 1809 Domini
736 1734 922 1809 millesimo
951 1734 1240 1833 quingentesimo
1274 1755 1382 1824 nono,
1419 1740 1508 1806 tem·

247 1882 336 1960 pore
365 1859 534 1935 videlicet
562 1859 678 1957 quarti
703 1857 884 1954 judicatus
904 1858 1089 1958 prudentis
1110 1866 1148 1932 et
1176 1857 1425 1954 circumspecti
1445 1856 1509 1931 viri

248 1983 402 2059 Emerici
423 1981 610 2082 Mikwlych
632 1982 728 2073 dicti,
757 1980 815 2056 filii
836 1980 1022 2071 Demetrii,
1052 1981 1211 2055 moderni
1227 1979 1357 2077 judicis
1382 1981 1508 2071 nostri,

247 2130 397 2208 presens
431 2106 641 2181 kathernum
679 2115 737 2181 est
777 2107 1018 2206 conscriptum
1048 2105 1154 2179 modo
1184 2114 1222 2179 et
1250 2104 1374 2178 ordine
1403 2115 1510 2202 prout

247 2238 361 2331 patet,
401 2229 492 2305 feria
533 2230 690 2305 secunda
729 2231 892 2330 proxima
933 2230 967 2304 in
1009 2228 1173 2329 profesto
1215 2229 1313 2303 beati
1357 2226 1509 2327 Georgii

794 2354 962 2428 martiris.

765 2633 827 2696 (23.
851 2622 984 2697 aprilis).

355 2777 453 2851 Quod
478 2778 553 2859 quia
579 2798 637 2839 nos
654 2779 870 2840 communitas
886 2779 1059 2860 quemdam
1077 2777 1236 2861 (hiortum
1261 2793 1403 2839 nostrum
1422 2796 1508 2838 com·

247 2902 378 2944 munem
405 2884 436 2944 in
461 2884 621 2945 territorio
656 2898 762 2946 nostre
795 2886 931 2946 civitatis
962 2885 1107 2947 habitum
1140 2899 1171 2947 et
1202 2885 1402 2960 existentem,
1428 2883 1508 2945 inter

247 2989 385 3070 (h)0rtos
410 2990 535 3051 Nicolai
560 2991 686 3067 sutoris,
711 2992 751 3052 ab
776 2992 936 3070 orientali,
960 3007 990 3053 et
1008 2992 1068 3053 boc
1092 2992 1233 3054 concivis
1257 2992 1355 3053 nostri
1380 2991 1420 3053 de
1437 2991 1508 3051 vico

247 3111 392 3158 sutorum
417 3111 448 3158 et
472 3116 489 3157 a
514 3097 716 3159 meridionali
750 3099 852 3181 plagis
882 3115 963 3160 terre
996 3100 1133 3162 arabiles
1162 3098 1315 3160 heredum
1347 3118 1403 3159 seu
1437 3117 1508 3160 suc·

247 3222 410 3265 cessorum
435 3203 573 3264 condam
599 3204 729 3266 domine
759 3205 892 3284 Agnetis
924 3204 988 3267 filie
1023 3206 1160 3267 condam
1194 3206 1364 3285 Augustini
1390 3206 1508 3266 Kwsne

247 3308 336 3387 dicti,
360 3309 438 3370 olim
475 3310 616 3371 concivis
648 3312 757 3389 nostri,
789 3312 829 3372 ab
861 3312 1052 3374 occidentali
1088 3330 1164 3374 veto
1195 3312 1277 3374 inter
1300 3311 1435 3393 (hjortos
1458 3331 1508 3372 ec·

247 3415 342 3478 clesie
367 3416 466 3477 sancti
493 3416 621 3477 Martini
647 3418 678 3478 in
705 3418 775 3479 vico
796 3431 941 3479 sutorum
958 3417 1101 3498 fundare,
1126 3439 1143 3480 a
1167 3417 1420 3501 septemtrionali
1438 3437 1508 3498 par·

246 3523 332 3584 tibus
355 3522 406 3583 via
430 3523 622 3603 communis,
639 3523 735 3585 simul
756 3544 829 3586 cum
846 3525 999 3587 omnibus
1015 3526 1160 3588 eiusdem
1177 3526 1285 3607 (h)0rti
1303 3525 1509 3608 pertinenciis

247 3627 384 3710 provido
408 3642 440 3690 et
463 3629 695 3711 circumspecto
728 3630 796 3692 viro
821 3629 950 3694 Thome
984 3632 1105 3694 utiam
1138 3651 1224 3694 novo
1248 3632 1373 3693 concivi
1398 3645 1508 3693 nostro

247 3753 282 3795 ac
306 3733 440 3796 honeste
465 3735 596 3796 domine
622 3736 723 3798 Elene
747 3737 927 3799 conthorali
953 3738 1097 3800 eiusdem
1120 3752 1151 3801 et
1173 3757 1230 3820 per
1254 3738 1340 3820 ipsos
1365 3738 1507 3821 ipsorum

246 3839 418 3902 heredibus
442 3860 500 3922 pro
532 3842 643 3903 decem
676 3841 746 3906 flor.
779 3843 1007 3926 perpetualiter
1038 3844 1262 3921 vendidimus3
1290 3844 1340 3907 cui
1365 3844 1439 3907 data
1462 3859 1509 3906 est

247 3946 337 4007 litera
362 3947 570 4028 privilegialis
594 3947 672 4010 feris
697 3964 810 4030 quarta
834 3948 965 4012 infesto
986 3949 1351 4014 Purificacionis.hnno
1377 3952 1508 4013 Domini

248 4052 422 4114 millesimo
447 4054 708 4134 quingentesimo
732 4075 831 4122 nono.

353 4175 431 4238 ltem
456 4178 544 4258 quod
569 4179 644 4260 quia
669 4199 728 4241 nos
755 4181 971 4243 communitas
1002 4182 1164 4264 quandam
1191 4182 1325 4244 domum
1350 4197 1507 4246 muratam

246 4296 386 4344 nostram
419 4303 626 4347 communem
658 4287 749 4348 aliter
780 4288 970 4372 Zydanycza
1003 4305 1170 4367 vocatam,
1203 4289 1234 4349 in
1271 4289 1354 4350 dicta
1380 4289 1508 4352 civitate

246 4403 364 4467 nostra,
387 4389 469 4452 inter
494 4391 627 4453 domum
653 4413 708 4455 seu
737 4391 873 4457 fundum
897 4396 956 4458 viri
989 4396 1114 4478 providi
1148 4409 1179 4458 et
1204 4394 1328 4458 honesti
1354 4395 1510 4458 Johannis

246 4495 390 4558 concivis
414 4498 514 4559 nostri
538 4499 666 4579 generis
697 4500 846 4563 videlicet
880 4501 970 4564 Hans
1001 4503 1162 4586 Frsyzhsr
1192 4502 1339 4564 similiter
1367 4502 1510 4564 concivis

246 4603 357 4680 nostri,
381 4604 421 4665 sb
446 4623 521 4682 uns,
545 4605 696 4668 videlicet
720 4607 923 4670 meridionali
949 4624 1048 4692 parte,
1073 4611 1113 4671 ab
1141 4610 1239 4672 alters
1264 4627 1341 4671 vero
1365 4608 1425 4670 viri
1450 4610 1509 4672 cir·

246 4710 420 4794 cumspecti
445 4724 478 4774 et
507 4709 633 4776 honesti
658 4713 757 4776 Murci
783 4714 928 4799 Posegsy
958 4715 1106 4779 similiter
1136 4717 1278 4780 concivis
1301 4714 1415 4794 nostri,
1440 4736 1510 4801 sep-

245 4815 442 4880 temtrionali
465 4816 621 4903 pertibus,
644 4832 676 4882 et
699 4819 739 4883 sb
762 4820 954 4885 occidentali
977 4822 1083 4906 pletes
1107 4824 1301 4908 communis,
