3428 5256
225 345 289 405 116
768 347 855 404 Anno
877 357 965 421 1521.

222 557 322 639 ipsius
353 556 459 638 (h)orti
493 571 523 617 et
547 556 626 617 silve
658 557 870 617 testamentali
903 557 1070 638 legacione
1102 567 1337 632 concernente,
1368 553 1416 615 ad
1452 574 1505 618 re·

222 664 327 745 liquas
351 684 427 725 vero
452 663 531 724 duas
554 664 725 745 porciones
756 663 900 726 eiusdem
931 663 1043 746 (h)orti
1076 676 1107 725 et
1137 661 1218 724 silve
1241 680 1299 744 per
1322 659 1497 743 prefatum

222 770 403 833 iohannem
429 790 487 853 pro
512 770 663 851 predictis
690 770 802 850 viginti
836 770 906 833 flor.
931 771 1000 852 jure
1031 769 1220 852 adopcionis
1243 782 1502 832 concernentes.

222 877 288 937 Nos
311 877 419 958 itaque
444 877 544 954 iustis,
569 877 662 953 veris,
687 878 838 957 congruis
861 877 1077 959 peticionibus
1101 873 1299 959 prefatorum
1324 873 1496 939 Iohannis

221 997 252 1046 et
276 984 390 1045 Vrsule
414 997 602 1060 annuentes,
627 983 724 1064 digne
742 983 899 1045 exauditis
924 999 953 1045 et
970 984 1128 1061 admissis,
1151 982 1312 1065 predictos
1329 981 1499 1063 (h)ortum

223 1104 253 1152 et
277 1090 390 1152 silvam
416 1089 547 1173 prelatis
571 1089 726 1150 lohannis
750 1103 781 1151 et
805 1090 918 1151 Vrsule
953 1091 1094 1151 consorti
1118 1090 1263 1151 eiusdem
1288 1108 1324 1151 ac
1349 1107 1410 1171 per
1436 1109 1500 1152 eos

223 1197 365 1278 ipsorum
390 1197 563 1259 heredibus
587 1196 680 1258 novis
704 1197 805 1257 literis
829 1196 1086 1278 privilegialibus
1103 1195 1368 1279 approbavimus,
1392 1194 1501 1258 ratifi-

222 1303 364 1364 cavimus
388 1317 418 1362 et
443 1301 705 1363 confirmavimus
728 1302 797 1382 jure
829 1316 986 1385 perpetuo
1017 1318 1047 1363 et
1079 1300 1345 1363 irrevocabiliter.
1370 1300 1498 1364 Datum

224 1407 302 1469 feria
327 1409 424 1470 tercia
457 1409 603 1489 proxima
635 1422 708 1468 ante
741 1406 856 1470 festum
891 1409 974 1469 beati
1007 1409 1131 1470 Nicolai
1165 1405 1367 1470 confessoris.
1391 1412 1498 1470 Anno

224 1514 356 1575 Domini
383 1515 556 1576 millesimo
581 1514 844 1595 quingentesimo
868 1515 1037 1595 vigesimo.

329 1621 476 1694 Qualiter
501 1621 532 1681 in
557 1620 777 1701 superioribus
801 1621 903 1697 annis,
927 1622 1019 1682 cuius
1044 1622 1106 1681 iam
1133 1640 1217 1682 nunc
1240 1634 1326 1682 sexta
1352 1620 1494 1684 instaret

222 1727 371 1788 annualis
394 1728 571 1803 revoluci0,
607 1725 732 1806 providi
768 1727 823 1786 viri
859 1726 996 1787 Michael
1031 1727 1157 1809 Repecz
1189 1742 1219 1787 et
1242 1726 1322 1787 alter
1346 1724 1492 1789 Michael

224 1834 367 1916 Somogy
392 1835 505 1911 dictus,
530 1834 677 1895 concives
703 1834 813 1909 nostri,
846 1852 953 1894 coram
979 1833 1140 1913 judicibus
1164 1848 1195 1895 et
1218 1833 1331 1914 juratis
1354 1831 1387 1893 in
1411 1851 1491 1914 pre·

223 1941 314 2000 tactis
337 1941 429 2001 annis
453 1938 671 2015 existentibus,
696 1939 938 2000 nonnullisdem
969 1940 1093 2001 vicibus
1117 1939 1284 2021 conquesti
1308 1937 1492 2000 extitissent

227 2047 356 2107 racione
382 2060 412 2106 et
436 2046 605 2106 occasione
637 2046 803 2105 cuiusdam
837 2047 965 2107 ruinose
997 2047 1125 2123 domus,
1156 2047 1323 2126 civilisque
1347 2044 1491 2106 honora·

225 2153 298 2212 bilis
322 2165 352 2212 et
376 2151 503 2212 discreti
528 2150 651 2211 domini
679 2151 787 2212 Jacobi
814 2153 1017 2233 prebendarii
1043 2153 1153 2230 nostri,
1178 2152 1217 2214 de
1241 2171 1304 2232 qua
1328 2149 1386 2231 ipsi
1404 2163 1490 2212 tem-

225 2277 302 2337 pore
327 2258 553 2317 inundacionis
570 2277 653 2337 aque
679 2258 828 2337 pluvialis
846 2273 876 2320 et
894 2258 1131 2320 stillicidiorum
1150 2257 1377 2320 cavacionibus
1394 2255 1491 2318 dam·

225 2384 324 2445 pnum
350 2384 414 2424 non
440 2364 613 2440 mediocre,
645 2365 893 2445 evidentemque
911 2366 1001 2425 ruine
1027 2365 1242 2427 minacionem
1267 2363 1425 2424 domuum
1453 2380 1488 2424 et

225 2471 427 2530 cellariorum
453 2491 596 2546 suorum,
628 2473 670 2530 ob
704 2491 768 2531 non
801 2471 1067 2531 reformacionem
1099 2485 1219 2533 tecture
1243 2490 1299 2532 seu
1324 2468 1488 2531 canalium

226 2577 307 2636 dicte
334 2577 450 2637 domus
467 2578 596 2637 ruinose
615 2575 725 2657 prefati
744 2576 866 2636 domini
893 2577 1002 2637 lacobi
1022 2591 1204 2657 paterentur
1221 2591 1251 2638 et
1267 2588 1489 2655 gravarentur,

225 2696 420 2763 quapropter
445 2702 500 2762 per
524 2681 664 2762 prefatos
683 2681 803 2757 judices
820 2697 850 2741 et
867 2683 997 2760 juratos,
1014 2697 1158 2764 tempore
1176 2682 1347 2743 cuiuslibet
1370 2679 1490 2761 judicis

226 2789 384 2848 iudicatus
408 2789 438 2847 in
475 2788 635 2868 premissis
667 2808 719 2846 sex
752 2789 844 2847 annis
878 2808 944 2848 sese
977 2791 1186 2869 sequentibus
1210 2789 1314 2849 eidem
1350 2787 1489 2849 domino

227 2894 347 2954 Jacobo
370 2895 525 2953 terminus
550 2893 664 2954 exinde
697 2913 795 2973 penes
826 2896 1091 2956 consuetudinem
1124 2895 1261 2957 civitatis
1285 2896 1325 2955 ab
1349 2892 1487 2974 antiquo

226 3003 425 3061 observatam
452 3015 479 3058 et
513 3019 548 3060 ex
581 2999 689 3060 officio
723 3001 876 3080 ipsorum,
909 3018 1003 3082 prout
1035 3004 1237 3080 tenebantur,
1269 3001 1308 3063 ad
1333 2998 1488 3061 reforma·

227 3108 351 3166 cionem
378 3107 460 3166 dicte
486 3108 602 3166 domus
626 3126 681 3165 sue
707 3107 835 3166 ruinose
861 3122 891 3168 et
916 3109 1075 3168 canalium
1107 3109 1182 3169 dare
1207 3124 1237 3169 et
1261 3107 1421 3188 assignare
1439 3104 1488 3166 di·

228 3216 436 3285 noscebatur;
462 3213 500 3271 ad
526 3232 621 3291 quern
657 3213 788 3292 quidem
823 3215 961 3293 primurn
987 3216 1179 3294 terminum,
1211 3214 1400 3290 secundum,
1425 3225 1487 3274 ter·

228 3321 324 3394 cium,
349 3335 509 3398 quartum,
535 3320 683 3396 quintum
710 3336 738 3377 et
763 3334 885 3379 sextum
904 3321 1059 3381 terminos
1084 3323 1113 3381 in
1133 3321 1295 3404 premissis
1318 3340 1371 3380 sex
1396 3317 1489 3379 aunis

229 3427 332 3486 eidem
359 3426 525 3502 assignatis
550 3441 580 3485 ct
606 3426 722 3485 deinde
751 3447 786 3484 ex
805 3427 1099 3505 superhabundanti
1118 3429 1197 3490 alios
1213 3429 1369 3489 terminos
1384 3443 1488 3487 novos

229 3533 267 3591 de
293 3552 378 3591 novo
403 3547 537 3591 statutos
562 3547 591 3591 et
616 3532 792 3611 assignatos
818 3533 980 3612 negligere
1013 3549 1043 3594 et
1068 3536 1218 3615 preterire
1243 3538 1363 3616 absque
1388 3531 1487 3594 refor·

229 3641 374 3699 macione
400 3640 482 3698 dicte
509 3640 624 3698 domus
657 3641 784 3697 ruinose
818 3655 847 3698 et
879 3640 1038 3700 canalium
1072 3643 1274 3721 pertransivit
1298 3655 1328 3702 et
1351 3659 1409 3701 nec
1433 3658 1488 3700 cu·

229 3746 319 3820 ravit,
344 3745 428 3804 unde
454 3765 512 3803 nos
537 3742 654 3824 prelata
681 3745 895 3804 communitas
919 3746 959 3805 ad
984 3748 1208 3808 creberrimam
1233 3762 1264 3809 et
1287 3746 1486 3829 sepissimam

229 3853 474 3930 requisicionem
509 3851 703 3931 prelatorum
739 3851 904 3911 Michaelis
936 3853 1062 3934 Repecz
1095 3869 1126 3914 et
1155 3855 1286 3916 alterius
1322 3851 1489 3916 Michaelis

230 3958 371 4038 Somogi¹
398 3979 433 4016 ex
460 3959 525 4016 iure
552 3973 581 4017 et
599 3957 829 4017 consvctudine
850 3959 986 4019 civitatis
1004 3974 1121 4036 nostre,
1145 3975 1240 4041 prout
1263 3975 1421 4037 tenemur,
1446 3959 1487 4022 de

229 4082 316 4123 more
343 4064 420 4122 alias
437 4065 532 4123 solito
559 4080 587 4123 et
618 4079 769 4123 consveto
788 4065 961 4144 predictam
988 4065 1119 4127 domum
1138 4066 1313 4145 ruinosam,
1337 4088 1400 4149 que
1417 4086 1488 4150 pre·

229 4169 281 4228 fati
308 4170 430 4229 domini
457 4171 566 4229 Jacobi
593 4185 726 4250 preerat,
749 4170 912 4249 prelibatis
931 4171 1078 4232 Michaeli
1106 4172 1231 4254 Repecz
1256 4189 1286 4234 et
1309 4174 1400 4235 alteri
1428 4173 1489 4235 Μί·

228 4275 327 4334 chaeli
356 4277 498 4356 Somogy
523 4297 558 4336 ac
583 4296 639 4356 per
664 4296 719 4335 eos
745 4277 885 4356 ipsorum
905 4276 1086 4351 heredibus,
1099 4292 1133 4338 ut
1149 4276 1317 4359 prefertur,
1341 4299 1400 4360 pro
1419 4298 1488 4361 pre·

228 4382 314 4441 dicto
348 4382 488 4462 dampno
523 4384 663 4463 ipsorum
698 4398 806 4442 secuto
839 4397 869 4442 et
902 4382 991 4443 illato
1024 4381 1256 4464 manifesteque
1286 4385 1436 4446 dedimus
1459 4398 1490 4446 et

229 4489 447 4568 inscripsimus
480 4490 545 4566 jure
579 4505 734 4570 perpetuo
770 4504 799 4549 et
832 4490 1092 4552 irrevocabiliter.
1124 4489 1241 4550 Datum
1274 4488 1352 4552 feria
1377 4493 1489 4572 quinta

228 4594 371 4674 proxima
409 4611 479 4675 post
519 4594 758 4656 l'urilicacionis
791 4597 880 4655 beate
914 4596 1014 4656 Marie
1053 4596 1196 4677 virginis.
1228 4601 1324 4658 Anno
1357 4597 1488 4660 Domini

227 4701 403 4763 millesimo
426 4702 686 4783 quingentesimo
711 4702 868 4783 vigesimo
894 4701 1010 4783 primo.

753 4849 965 4871 1—-0—
