3428 5256
803 1346 898 1426 Xlll.

223 1596 357 1692 (Anno)
406 1598 516 1673 1513.
559 1596 797 1673 lnventarium
835 1597 1066 1696 prepositure
1104 1597 1215 1673 beate
1252 1599 1402 1696 virginis
1442 1598 1486 1674 de

224 1720 396 1811 Abbacia,
416 1720 511 1820 quod
532 1719 598 1796 luit
618 1720 740 1796 datum
760 1722 805 1796 ad
826 1742 951 1795 manus
972 1721 1157 1796 reverendi
1187 1719 1320 1795 donnini
1340 1720 1486 1795 Andree

223 1845 387 1944 episcopi
426 1844 653 1920 Rosonensis
691 1852 729 1919 et
765 1844 1006 1920 archidiaconi
1044 1867 1086 1920 ac
1129 1845 1292 1920 canonici
1333 1845 1486 1920 ecclesie

223 1968 485 2067 zagrabiensis,
513 1969 547 2043 in
570 1968 771 2044 custodiam
791 1968 836 2044 ad
866 1978 1018 2069 tempus,
1047 1992 1113 2068 per
1141 1977 1356 2044 executores
1385 1991 1485 2044 reve·

224 2091 323 2166 rendi
361 2091 514 2167 condam
551 2091 683 2167 domini
722 2087 896 2190 Stephani
935 2092 1097 2191 episcopi
1134 2090 1372 2185 Rosonensis‚
1413 2100 1483 2167 etc.

331 2338 412 2399 ltem‘
431 2339 537 2420 primo
562 2357 671 2399 meuse
696 2339 758 2400 due
784 2359 856 2401 cum
883 2339 1008 2402 ludulis.

331 2444 469 2525 Ligones
494 2444 645 2505 meliores
670 2444 794 2509 decem.

330 2549 411 2611 Tres
434 2569 560 2612 secures
585 2550 733 2615 maiores.

329 2657 411 2718 Tres
434 2677 560 2719 secures
584 2657 735 2720 minores.

331 2763 409 2824 Tria
434 2764 562 2825 vascula
587 2764 679 2825 aceti.

330 2870 434 2931 Pelvis
458 2890 576 2952 cuprea
600 2889 675 2948 unu,
701 2870 797 2933 bonu.

330 2975 408 3037 Tria
432 2976 599 3060 capisteria
624 2976 756 3039 maiora.

330 3081 469 3145 Cautum
494 3083 559 3145 duo
585 3083 827 3166 Coryntiorum.

332 3187 445 3250 Cribru
470 3189 546 3253 duo.

330 3293 408 3356 ltem
432 3315 495 3357 unu
520 3294 644 3378 sponda
668 3309 699 3357 et
724 3295 789 3357 duo
813 3295 1012 3360 linteamina.
1069 3342 1076 3353 ,

332 3400 404 3461 Duo
428 3402 545 3463 cussini
575 3401 651 3463 albi.

331 3506 440 3570 Unum
465 3508 699 3590 suppellectile.

331 3613 461 3696 Sponde
487 3615 594 3696 lignee
623 3614 697 3679 due.

331 3721 517 3783 Ventilabru
539 3741 595 3782 seu
621 3720 748 3783 flabelle
773 3722 842 3785 tria.

331 3826 408 3888 ltem
434 3828 572 3889 caldaria
601 3842 750 3909 quatuor.

331 3932 448 3994 Veruta
473 3932 575 3995 ferrea
603 3933 679 3995 duo.

332 4036 498 4100 Chutheue
524 4038 624 4101 ferree
650 4039 712 4101 due
738 4040 778 4101 ud
803 4038 910 4101 focum
935 4061 993 4123 pro
1018 4042 1171 4104 caldario.

331 4143 496 4226 Amphore
521 4146 583 4205 due
609 4164 667 4225 pro
692 4147 913 4208 conservando
938 4148 1023 4211 oleo.

331 4248 491 4331 Cuspides
515 4251 586 4314 due.

332 4355 440 4417 Unum
467 4356 695 4417 candelabrum
721 4357 760 4417 ud
785 4371 847 4418 tres
872 4358 1030 4422 candelas.

333 4459 408 4522 ltem
435 4476 497 4522 tres
523 4462 612 4525 idrie.

332 4566 413 4628 Tres
441 4567 549 4652 thyne.

333 4671 414 4735 Tres
438 4688 580 4739 metrete.

332 4778 403 4842 Due
426 4780 504 4844 ciete
527 4800 644 4864 magne
668 4801 727 4866 pro
751 4783 972 4845 conservando
998 4781 1171 4849 frumento.
