3428 5256
222 554 332 613 borem
359 550 472 628 cetusi‚
496 547 614 611 deinde
638 568 695 630 per
718 547 982 610 interseceionern
1010 548 1125 609 vitium
1149 547 1190 610 ad
1214 548 1312 610 aliam
1336 550 1485 612 arborem

221 656 324 720 cerusi
349 657 381 718 in
406 654 468 717 fine
492 656 586 716 vinee
611 654 784 733 existentis,
820 673 913 716 cruce
945 655 1114 735 signatam,
1138 667 1170 717 et
1193 653 1311 717 abhinc
1335 655 1487 718 consimi-

221 763 295 825 liter
318 761 438 824 directe
464 759 545 822 inira
570 779 672 841 usque
689 760 861 823 decursum
882 779 966 841 aque
982 760 1152 842 pluvialis;
1177 760 1254 822 item
1271 760 1404 843 insuper
1420 780 1487 823 me·

221 869 348 932 dietatis
371 866 511 929 secunde
528 867 622 928 vinee
646 866 746 948 ipsius
762 866 900 928 condam
917 866 1073 927 lobannis
1095 866 1223 945 Bolsak,
1247 885 1345 948 quam
1370 864 1487 950 prefati

225 987 409 1036 executores
432 973 580 1034 similiter
611 971 769 1035 dederunt
799 972 895 1033 simul
925 973 956 1033 in
990 990 1090 1034 unum
1124 972 1310 1035 coniunctas
1333 985 1365 1035 et
1387 992 1489 1056 penes

225 1082 335 1142 vineas
359 1078 451 1140 Pauli
474 1077 532 1140 filii
558 1077 696 1140 condam
721 1077 899 1141 Clementis
931 1078 1068 1139 Fudricz
1097 1078 1172 1140 dicti
1197 1091 1228 1141 et
1252 1078 1334 1140 inter
1357 1079 1486 1141 vineam

225 1206 281 1248 seu
311 1185 463 1267 (h)ortum
489 1185 626 1246 condam
649 1184 775 1246 Nicolai
795 1184 924 1245 sartoris
939 1182 998 1245 filii
1015 1183 1198 1246 Damiania
1223 1198 1310 1267 parte
1334 1184 1487 1248 meridio-

223 1292 299 1370 nali,
324 1292 461 1373 desuper
485 1311 502 1351 a
527 1291 578 1352 via
602 1290 779 1369 communi,
803 1290 899 1351 simul
924 1309 996 1351 cum
1013 1291 1111 1352 tercia
1135 1303 1225 1373 parte
1249 1304 1331 1354 terre
1356 1290 1488 1353 arabilis

222 1418 318 1480 supra
343 1397 477 1459 eandem
511 1398 639 1458 vineam
671 1397 798 1474 habite,
829 1416 865 1457 ac
899 1415 971 1458 cum
1004 1397 1095 1458 totali
1128 1397 1256 1460 stabulo
1280 1416 1336 1460 seu
1361 1396 1487 1459 koucba

223 1524 317 1586 supra
342 1503 477 1566 eandem
505 1504 643 1581 vineam,
669 1517 700 1564 et
731 1502 812 1564 inira
845 1522 946 1584 usque
971 1502 1122 1581 rivulum,
1154 1503 1303 1566 similiter
1327 1523 1400 1565 cum
1424 1517 1487 1566 sta·

225 1610 303 1672 bulo
327 1630 383 1670 seu
407 1610 530 1671 koucha
562 1612 622 1670 sub
651 1609 763 1670 eadem
796 1609 890 1670 vinea
923 1609 1076 1671 existente
1100 1630 1133 1671 se
1165 1609 1375 1673 extendentis.
1400 1610 1487 1674 Mete

224 1731 332 1778 tamen
357 1715 417 1776 hoc
442 1715 554 1776 ordine
580 1715 794 1797 incipiuntur:
828 1715 916 1796 quod
947 1716 1050 1797 prima
1082 1731 1165 1778 meta
1198 1716 1311 1799 incipit
1333 1736 1428 1799 supra
1453 1717 1487 1779 in

223 1822 366 1904 predicta
392 1822 441 1882 via
466 1821 644 1902 communi,
668 1822 708 1882 ab
736 1820 913 1900 occidente,
945 1821 1062 1882 deinde
1087 1821 1169 1884 inira
1193 1841 1250 1904 per
1274 1821 1429 1885 fossatum
1455 1838 1487 1885 et

224 1942 367 1990 meatum
392 1948 474 2010 aque
498 1928 649 2009 pluvialis
674 1927 890 1989 interdictam
914 1928 1044 1990 terciam
1062 1943 1184 2011 partem
1210 1929 1293 1991 dicte
1317 1942 1400 1992 terre
1416 1949 1486 1992 ara·

223 2035 296 2096 bilis
320 2035 402 2097 inter
425 2034 613 2117 porcionem
639 2035 737 2116 ipsius
761 2034 899 2095 condam
924 2034 1079 2096 lobannis
1104 2034 1221 2097 Bolsalt
1244 2055 1280 2097 ac
1305 2035 1388 2098 inter
1404 2036 1486 2098 duas

222 2142 392 2223 porciones
415 2141 559 2202 eiusdem
583 2154 666 2202 terre
698 2141 838 2219 arabilis,
862 2141 1097 2222 porcionesque
1129 2140 1243 2223 prefati
1269 2142 1395 2204 Nicolai
1420 2162 1485 2204 sar·

221 2248 299 2309 toris
322 2266 378 2328 per
401 2247 546 2308 eiusdem
577 2247 726 2308 effossum
751 2262 781 2308 et
802 2248 875 2309 inde
907 2248 1052 2329 pervenit
1083 2247 1122 2308 ad
1155 2248 1242 2310 aliud
1268 2247 1421 2312 lassatum
1448 2250 1481 2311 in

221 2353 402 2435 supradicta
427 2367 507 2415 terra
526 2354 637 2415 arabili
656 2353 793 2435 desuper
809 2352 966 2436 prefatam
983 2354 1109 2415 vineam
1127 2369 1158 2417 et
1176 2354 1357 2437 predictum
1373 2355 1482 2417 locum

222 2461 339 2522 stabuli
364 2481 421 2522 seu
445 2460 570 2521 lrouche
595 2461 694 2542 ipsius
726 2459 863 2521 condam
895 2459 1050 2521 Johannis
1074 2460 1192 2522 Bolsak
1216 2462 1256 2522 ab
1280 2461 1416 2542 antiquo
1441 2460 1484 2523 ei·

222 2565 354 2645 fossum,
378 2580 409 2628 et
432 2587 488 2649 per
520 2567 551 2628 id
584 2564 737 2628 fossatum
772 2587 789 2627 a
821 2580 909 2648 parte
942 2566 1146 2627 meridionali
1171 2567 1317 2648 pervenit
1341 2579 1372 2628 et
1395 2566 1484 2629 aliud

222 2671 376 2734 fossatum
401 2671 515 2754 prefati
541 2672 666 2734 Nicolai
691 2673 831 2751 sartoris,
851 2672 969 2733 deinde
987 2672 1026 2733 ad
1052 2673 1209 2734 orientem
1226 2672 1329 2734 tendit
1353 2672 1394 2734 ad
1418 2692 1483 2736 me·

222 2793 309 2841 atum
334 2798 417 2859 aque
442 2779 591 2861 pluvialis
608 2779 691 2841 inter
707 2779 883 2861 predictam
902 2780 1029 2840 vineam
1055 2778 1166 2861 prelati
1194 2779 1348 2841 Johannis
1366 2780 1482 2842 Bolsak

222 2899 253 2946 et
276 2885 352 2947 dicti
378 2886 468 2946 Pauli
494 2885 682 2947 Fudricbicz
708 2886 795 2963 dicti,
813 2885 890 2947 item
907 2905 963 2968 per
988 2886 1126 2947 eundem
1144 2901 1287 2948 meatum
1311 2906 1395 2967 aque
1412 2887 1484 2970 plu·

224 2991 315 3052 vialis
332 2990 497 3054 descendit
514 2990 594 3052 infra
605 2992 644 3052 ad
655 2992 795 3052 rivulum
806 2992 1142 3073 prenotatum,ibique
1160 3006 1243 3054 mete
1260 2992 1483 3056 terminantur.
