3428 5256
793 302 945 368 Rationes.
1428 333 1486 396 3¹¹

328 514 444 578 Eidem
468 515 548 580 ferie
571 518 712 580 secunda
741 533 813 580 anre
840 517 995 602 Corporis
1012 516 1130 586 Christi
1156 522 1187 583 in
1211 523 1486 605 complementum
1531 522 1535 536 '

224 620 369 684 eiusdem
389 621 511 686 loboris
530 673 537 687 .
556 673 562 688 .
581 674 587 688 .
607 624 675 687 flor.
691 623 768 700 XV;
786 624 878 687 etsie
894 645 954 707 pro
971 627 1080 690 labore
1098 628 1160 689 isto
1176 627 1288 692 habuit
1304 628 1373 693 flor.
1391 632 1490 693 XXV.

329 727 455 791 Eodem
479 729 531 790 die
556 730 588 790 in
613 743 731 793 sortem
750 731 979 793 convencionis
1002 732 1043 793 ad
1064 733 1188 812 weltes,
1211 733 1277 796 deri
1302 735 1482 800 eidem...

223 832 294 900 flor.
317 834 418 899 XXV.

328 940 420 1003 Ferio
434 941 575 1005 secunde
592 956 665 1006 sote
680 943 719 1005 sd
736 943 873 1007 Vincula
886 945 982 1025 Petri,
998 946 1114 1008 iterum
1128 946 1289 1013 hebuit...
1306 946 1374 1011 flor.
1391 948 1489 1012 XXV.

328 1047 445 1110 Eidem
470 1047 502 1110 in
527 1046 671 1131 profesto
707 1050 791 1112 beeri
823 1051 943 1133 Egidii,
976 1051 1127 1120 dedi
1161 1052 1231 1116 flor.
1255 1050 1364 1129 XXV;
1389 1069 1420 1116 et
1443 1055 1488 1117 sic

221 1155 387 1238 hucusque
411 1155 525 1218 habuit
539 1205 548 1221 .
564 1204 597 1220 ..
620 1157 690 1220 flor.
715 1152 758 1222 1¹.
780 1163 855 1236 (sic.)

329 1261 376 1324 De
402 1275 508 1325 cetero
532 1264 656 1345 recepit
679 1283 752 1325 cum
778 1264 931 1347 magistro
948 1263 1170 1345 Christoffero,
1194 1285 1292 1347 quem
1316 1268 1489 1350 assumpsit

221 1367 254 1431 io
279 1369 422 1430 socium:

326 1474 418 1536 Feria
431 1475 542 1557 quinto
559 1490 631 1558 post
647 1477 823 1560 Lamperri,
837 1479 996 1540 ambobus
1013 1477 1109 1540 simul
1123 1478 1188 1540 deri
1202 1494 1277 1542 sunt
1294 1529 1301 1542 .
1319 1528 1326 1543 .
1343 1528 1350 1543 .
1367 1480 1435 1544 flor.
1452 1481 1489 1545 L.

329 1581 363 1643 lo
388 1579 469 1645 festo
494 1583 577 1645 besti
595 1583 721 1645 Nicolsi
739 1583 883 1667 episcopi
901 1583 1006 1646 eidem
1027 1582 1236 1648 Christoffero
1261 1599 1488 1669 postmortem

224 1683 387 1769 Gregorii,
411 1687 476 1749 doti
494 1737 501 1752 .
518 1737 545 1752 ..
569 1689 638 1752 flor.
664 1690 699 1754 L.

329 1793 423 1856 Ferio
447 1795 543 1856 tercie
576 1808 648 1876 post
671 1795 790 1857 Mathie
822 1795 960 1878 apostoli
993 1795 1109 1857 iterum
1141 1795 1247 1857 eidem
1284 1796 1485 1862 Christoiero

222 1898 287 1961 deti
305 1947 314 1965 .
331 1948 362 1964 ..
388 1899 457 1965 flor.
482 1899 582 1965 XXV.

649 1989 782 2052 Summo
806 1989 874 2054 flor.
900 1987 1037 2054 llsxxv.

648 2095 780 2158 Summe
811 2116 1009 2158 summarum
1041 2095 1246 2175 sseLxxxl11‚
1278 2097 1337 2160 sol.
1362 2096 1443 2162 XVI.

327 2238 482 2300 Promisso
507 2238 649 2320 exposita
672 2254 745 2299 suot
769 2258 825 2321 per
849 2238 1018 2301 dominum
1037 2239 1172 2301 Xemlek
1197 2254 1228 2301 et
1244 2255 1421 2322 presentata
1449 2241 1480 2302 in

221 2345 319 2426 pleno
343 2343 497 2426 Capitulo
522 2343 600 2406 ieris
623 2343 764 2406 secunda
787 2345 932 2426 proximo
965 2359 1037 2427 post
1064 2343 1180 2408 festum
1206 2347 1290 2408 berti
1316 2347 1485 2407 Ambrosii

221 2448 427 2513 confessoris.
458 2472 549 2532 15⁰5·

433 2556 617 2640 Stephanus
641 2555 743 2619 lector
766 2575 809 2621 m.
832 2577 864 2639 p.
