3428 5256
231 297 289 357 ¹54
773 274 956 334 Inventor-la.

328 490 416 567 Item,
441 489 589 551 undecim
614 487 676 549 alie
700 487 780 548 stole
806 504 995 547 communes
1019 500 1050 546 et
1074 486 1228 547 tredecim
1254 487 1425 568 manipuli.

331 596 420 673 Item,
446 594 593 676 cingulus
619 612 700 654 unus
725 593 764 653 de
793 592 889 652 rubea
915 605 996 653 serta
1022 611 1094 652 cum
1122 593 1251 655 nodulis
1275 592 1434 674 argenteis
1458 607 1492 655 et

224 703 332 784 perlis.

330 811 419 887 Item,
445 808 510 869 duo
534 807 588 869 alii
613 805 732 886 cinguli
759 804 797 864 de
822 804 933 865 serIco.

330 917 419 994 Item,
444 915 498 976 alii
524 932 722 975 communes.

329 1021 419 1101 Item,
450 1034 523 1082 sunt
555 1021 682 1080 invente
719 1017 867 1079 undecim
901 1032 968 1077 tece
1001 1017 1237 1099 corporalium,
1263 1035 1400 1098 quarum
1425 1031 1490 1079 tres

223 1142 296 1188 sunt
319 1148 392 1189 cum
417 1127 524 1210 perlis,
560 1139 590 1187 et
614 1125 676 1186 alie
711 1139 774 1185 tres
798 1121 976 1184 aurifrisate
1000 1122 1039 1183 ad
1064 1123 1250 1204 ymaginem
1276 1121 1429 1185 Crucifixi
1456 1138 1489 1186 et

223 1234 357 1295 aliarum
375 1233 561 1315 ymaginum
587 1250 660 1292 curn
684 1230 749 1290 suis
773 1229 1014 1311 corporalibus;
1039 1242 1069 1290 et
1094 1229 1155 1289 alie
1180 1248 1379 1291 communes.

330 1341 419 1418 Item,
444 1339 508 1401 duo
532 1337 697 1418 angularia
723 1336 762 1397 de
787 1337 907 1418 pepulo
927 1335 1091 1414 llanni01a,
1116 1337 1221 1397 aureis
1244 1335 1306 1398 filis
1329 1351 1489 1402 contexta.

329 1447 418 1524 Item,
442 1460 515 1506 sunt
538 1445 646 1525 aliqua
672 1444 789 1525 pepula
814 1462 892 1503 auro
910 1456 1068 1520 contexta,
1087 1442 1261 1504 inveterata
1286 1457 1317 1505 et
1341 1444 1489 1524 antiqua.

328 1552 418 1630 Item,
442 1552 501 1613 tria
526 1550 643 1632 pepula
669 1548 813 1611 involuta
839 1548 878 1608 ad
903 1567 1004 1608 unum
1029 1549 1193 1613 baculum.

329 1658 418 1737 Item,
442 1658 507 1719 duo
529 1656 591 1718 alia
615 1654 733 1737 pepula
759 1655 942 1735 intengora,
967 1673 1106 1735 quorum
1126 1674 1225 1717 unum
1251 1670 1296 1716 est
1320 1675 1399 1716 auro
1425 1655 1488 1716 vir-

223 1763 381 1842 gulatum.

330 1870 419 1947 Item,
445 1868 563 1929 ferrum
588 1886 646 1949 pro
671 1867 827 1949 pistandis
850 1867 950 1928 ostiis.

332 1978 420 2054 Item,
445 1975 589 2056 quinque
614 1994 768 2057 campane
787 1974 818 2034 in
842 1973 1014 2056 campanili
1032 1973 1175 2051 ecclesie,
1201 1988 1231 2034 et
1249 1993 1311 2034 una
1336 1987 1383 2035 est
1400 1959 1487 2034 'vide-

223 2084 297 2145 licet
320 2096 405 2144 sexta
431 2100 486 2163 per
511 2080 680 2141 dominum
700 2078 922 2141 Eberhardum
940 2078 1127 2160 episcopum
1142 2079 1181 2140 ad
1200 2093 1338 2140 castrum
1358 2078 1486 2140 Medwe

223 2189 400 2272 deportata.

329 2296 417 2373 Item,
442 2309 580 2375 quatuor
603 2294 666 2355 alie
689 2293 904 2375 campanulle,
940 2311 1080 2374 quorum
1107 2291 1169 2352 due
1193 2306 1266 2352 sunt
1290 2310 1431 2373 appense
1456 2305 1488 2353 et

223 2403 286 2463 due
311 2400 468 2462 habentur
493 2401 524 2461 In
549 2400 700 2463 sacristia.

330 2507 418 2584 Item,
442 2507 500 2568 tria
525 2520 642 2588 tapetta
668 2525 795 2585 magna,
820 2505 1049 2586 competencia.

329 2614 418 2690 Item,
444 2632 543 2674 unum
569 2626 711 2694 tapetum
738 2631 869 2688 novum,
896 2631 1040 2693 parvum.

330 2720 418 2797 Item,
443 2719 508 2780 duo
533 2719 666 2800 antiqua
692 2719 723 2778 in
748 2733 835 2800 parte
863 2733 964 2799 rupta.

330 2826 418 2904 Item,
449 2845 543 2907 supra
579 2825 732 2907 premissa
769 2825 890 2886 inventi
923 2839 996 2885 sunt
1021 2838 1083 2885 tres
1119 2823 1236 2884 cussini
1274 2819 1486 2904 pontificales,

224 2953 363 3015 quorum
389 2933 455 2993 duo
478 2945 552 2993 sunt
576 2931 683 3011 magni
709 2945 739 2992 et
775 2931 891 2992 tercius
916 2951 1050 3012 parvus;
1083 2930 1173 2991 rubei
1199 2929 1275 3007 duo,
1300 2929 1417 2990 tercius
1440 2930 1486 2990 vi·

224 3040 301 3102 ridis
325 3040 452 3101 coloris.

246 3253 448 3334 Sequitur
481 3249 773 3311 inventarium
808 3248 854 3309 de
888 3248 1014 3309 libris
1039 3246 1293 3308 officiorum
1318 3266 1390 3308 seu
1415 3246 1463 3307 ad

518 3354 717 3418 officium
743 3353 933 3415 divinum
960 3353 1186 3435 deputatis.

328 3499 447 3576 Primo,
479 3498 561 3560 liber
586 3496 838 3578 antiphonarius
871 3515 991 3572 novus,
1020 3495 1130 3577 incipit
1156 3496 1187 3556 in
1212 3496 1317 3577 primo
1342 3494 1422 3556 folio
1449 3495 1482 3557 In

223 3607 324 3666 thono
346 3606 481 3666 »Beatus
506 3604 586 3680 vir«,
611 3619 640 3664 et
659 3604 690 3664 in
707 3601 770 3664 fine
788 3602 932 3663 eiusdem
952 3601 1019 3663 folii
1050 3603 1241 3680 »laudabo«,
1259 3616 1289 3663 et
1313 3601 1345 3662 in
1363 3601 1480 3664 ultimo

224 3710 302 3772 folio
328 3711 400 3772 libri
425 3709 494 3772 finit
522 3710 602 3770 »deo
627 3710 759 3790 gracias.
785 3708 954 3790 Alleluja.‹

328 3817 416 3894 Item,
441 3817 521 3877 liber
538 3816 792 3897 Antiphonarius
816 3816 977 3896 antiquus,
996 3817 1050 3897 qui
1077 3816 1189 3897 incipit
1214 3817 1244 3876 in
1270 3815 1375 3896 prImo
1399 3813 1481 3877 lolio

226 3923 376 3984 ›Venite‹
405 3942 476 3983 cum
502 3938 588 4001 nota,
614 3937 644 3983 et
669 3922 699 3982 in
725 3921 787 3982 fine
820 3922 921 4003 prime
947 3925 1062 4004 pagine
1097 3924 1228 3985 secundi
1254 3921 1321 3986 lolii
1352 3921 1485 3985 »Gloria

223 4030 334 4111 pallis

328 4135 417 4212 Item,
436 4156 534 4196 unum
554 4135 641 4196 aliud
660 4135 932 4216 Antiphonarium
954 4138 1060 4217 magni
1087 4137 1272 4215 voluminiS,
1297 4139 1409 4220 incipit
1436 4143 1484 4200 »A

222 4242 335 4302 diebus
369 4243 540 4323 antiquiss,
576 4262 648 4303 cum
668 4243 770 4302 littera
800 4248 875 4304 »n«
905 4243 943 4304 de
968 4243 1090 4303 lazorio
1123 4262 1256 4323 magna,
1288 4260 1319 4305 et
1349 4243 1420 4308 finit
1451 4247 1483 4307 In

222 4347 285 4410 line
310 4349 412 4429 prime
438 4350 553 4430 pagIne
578 4349 709 4410 secundi
737 4347 804 4409 lolii
836 4369 890 4409 »ex
915 4365 945 4410 te
978 4362 1155 4425 nascetur«,
1181 4362 1210 4409 et
1235 4349 1335 4411 eciam
1362 4352 1393 4413 in
1418 4351 1481 4414 line

221 4453 342 4515 habens
367 4475 521 4537 ympnum
551 4455 654 4516 »Urbs
680 4458 788 4516 beata«

328 4559 415 4637 Item,
441 4581 539 4621 unum
565 4561 652 4622 aliud
678 4561 949 4643 Antiphonatium
967 4560 1067 4621 eciam
1086 4559 1197 4641 incipit
1225 4565 1270 4620 »A
1289 4560 1403 4623 diebus
1427 4581 1483 4624 an·

221 4667 351 4749 tIquisc,
376 4681 406 4728 et
430 4668 462 4728 in
488 4666 549 4728 line
575 4669 679 4750 prime
696 4668 812 4751 pagIne
829 4666 961 4729 secundi
979 4665 1048 4728 Iolii
1065 4661 1136 4728 finit
1165 4685 1289 4744 »ecce«,
1314 4681 1345 4729 et
1370 4669 1401 4730 iu
1418 4667 1481 4732 fine

220 4771 295 4834 libri
320 4787 366 4835 est
392 4773 520 4856 Impnus
544 4774 691 4836 slmiliter
720 4774 824 4838 »Urba
847 4774 968 4835 beata«
