3428 5256
511 1355 639 1445 (Anno
676 1351 834 1440 Domini
870 1349 1188 1453 acconam).

223 1745 263 1822 lo
292 1770 387 1823 anno
426 1746 569 1822 Domini
606 1745 795 1822 millesimo
834 1744 1190 1845 quadringentesimo
1220 1745 1488 1842 octoagesimo,

223 1879 391 1972 tempore
415 1870 596 1968 judicatus
626 1869 738 1944 Blasii
767 1868 825 1944 filii
856 1868 1023 1943 Lazarioi
1049 1867 1211 1943 moderni
1234 1866 1376 1965 judicis,
1406 1891 1487 1968 pre-

223 2017 309 2071 sens
337 1994 524 2071 katernom
554 1993 774 2069 estfactum
804 1991 896 2068 feria
923 1992 1082 2066 secunda
1111 2000 1196 2067 ante
1223 1990 1355 2067 festum
1387 1990 1485 2066 Puri·

592 2116 775 2192 ficacionis
803 2117 951 2214 virginis
981 2114 1108 2191 llarie.

740 2404 800 2478 (31.
818 2400 983 2476 januarii).

330 2559 438 2620 Primo
462 2558 539 2640 quia
563 2557 717 2640 providus
743 2557 866 2618 Blasius
883 2556 1020 2634 institor,
1037 2556 1143 2617 senior
1168 2554 1263 2635 judex
1287 2569 1318 2616 et
1342 2556 1484 2616 concivis

225 2679 343 2743 noster,
367 2663 513 2726 vendidit
537 2664 699 2746 quandam
718 2664 845 2724 vineam
863 2683 953 2723 suam
971 2676 1001 2723 et
1018 2662 1131 2722 silvam
1149 2662 1180 2723 in
1198 2661 1358 2723 territorio
1378 2675 1487 2722 nostro

224 2790 323 2853 penes
347 2771 475 2832 vineam
500 2770 632 2832 ecclesie
656 2771 756 2831 sancti
783 2769 892 2847 Marci,
925 2768 1059 2829 domino
1086 2767 1214 2829 Matheo
1239 2768 1378 2849 plebano
1403 2778 1485 2829 elus·

226 2877 300 2938 dem
325 2876 458 2939 ecclesie
484 2896 541 2958 pro
567 2875 811 2958 quatuordecim
836 2874 906 2936 flor.

330 3000 408 3062 ltem
434 2999 535 3062 Elena
562 3001 656 3061 Kwsa
682 3000 765 3061 dicta
789 2999 897 3060 relicta
922 2997 1060 3059 condam
1088 2998 1215 3059 Nicolai
1242 2998 1387 3081 Poyeycz
1411 3017 1487 3058 ven·

223 3104 306 3167 didit
330 3105 493 3187 quandam
517 3107 630 3168 silvam
656 3125 746 3167 suam
773 3106 804 3166 in
823 3105 984 3165 vicinitate
1010 3103 1151 3185 predicte
1175 3103 1265 3181 silve,
1290 3122 1388 3183 quam
1411 3124 1486 3165 ven·

223 3210 306 3273 didit
328 3212 432 3274 dictus
458 3212 592 3290 Blasius,
616 3226 647 3273 et
670 3213 751 3273 inter
767 3212 894 3272 vineam
913 3210 1071 3271 desertam
1090 3209 1246 3271 Anthonii
1272 3210 1310 3270 de
1329 3209 1487 3287 Kloltocz,

225 3333 355 3400 aparte
380 3318 596 3395 meridionali,
621 3332 652 3379 et
676 3319 758 3379 inter
790 3318 918 3379 vineam
951 3315 1094 3378 eiusdem
1133 3316 1239 3395 Kwse,
1264 3337 1281 3377 a
1305 3332 1393 3399 parte
1418 3337 1489 3398 scp-

227 3424 434 3502 tcmtrionali,
467 3423 613 3485 vendidit
637 3424 743 3486 eidem
776 3424 910 3484 domino
937 3422 1066 3484 Matheo
1098 3422 1238 3504 plebano
1263 3443 1321 3505 pro
1346 3437 1485 3504 quatuor

226 3532 332 3615 pensis
355 3531 605 3609 wiennensibus,
629 3550 714 3592 anno
740 3544 919 3612 prenotato.

330 3652 407 3715 ltem
432 3653 557 3735 providi
592 3653 748 3730 Thomas,
776 3653 886 3715 Petrus
919 3667 950 3714 et
974 3652 1115 3713 Wichlto
1139 3650 1196 3713 filii
1221 3651 1358 3713 condam
1394 3652 1483 3712 Pauli

224 3757 495 3821 Bnnsehakowicz
520 3759 734 3821 vendiderunt
763 3758 902 3820 mediam
935 3772 1057 3840 partem
1083 3758 1250 3819 cuiusdam
1276 3759 1392 3819 domus
1417 3778 1485 3819 mu-

224 3877 300 3943 rate,
314 3865 347 3926 in
361 3865 488 3927 civitate
506 3866 659 3940 habitam,
677 3884 774 3947 penes
791 3865 870 3925 duas
893 3866 959 3926 vias
979 3880 1009 3926 er
1026 3884 1126 3946 prope
1150 3885 1206 3926 seu
1231 3884 1329 3946 penes
1353 3864 1487 3925 domum

224 3971 400 4034 liberorum
425 3971 562 4033 condam
589 3972 826 4049 Mrawltowicz,
852 3970 995 4052 Georgio
1018 3971 1218 4032 Vithltowicz
1243 3971 1282 4031 de
1309 3971 1488 4049 Modrusio,

223 4078 348 4140 concivi
374 4093 496 4155 nostro,
520 4098 578 4160 pro
596 4079 739 4160 quinque
765 4097 836 4138 cum
856 4077 965 4139 medio
983 4077 1051 4139 flor.
1069 4113 1110 4122 —
1130 4078 1251 4138 lbidem
1270 4077 1393 4157 Agatha
1411 4078 1490 4138 alias

224 4184 423 4266 Margaretha
449 4186 580 4245 nominc
607 4185 753 4247 vendidit
777 4184 873 4244 aliam
893 4184 1032 4244 mediam
1051 4198 1173 4264 partem
1204 4183 1349 4244 ciusdem
1374 4184 1490 4244 domus

224 4306 359 4368 murare,
383 4310 445 4371 que
470 4291 531 4351 sibi
556 4290 616 4352 luit
639 4290 903 4353 testamentaliter
928 4290 1032 4370 legata
1058 4309 1113 4371 per
1138 4290 1275 4350 condam
1303 4290 1489 4368 Martinecz,

223 4396 302 4459 olim
337 4396 474 4476 judicem
510 4411 665 4474 nostrum,
698 4395 821 4478 prefato
843 4395 986 4475 Georgio
1019 4395 1219 4457 Vithkowicz
1253 4415 1311 4477 pro
1344 4396 1489 4476 quinque

224 4521 297 4565 cum
323 4504 433 4567 modio
458 4503 540 4582 flor,
565 4518 595 4564 et
619 4503 752 4585 quidam
771 4502 941 4563 Tulowicz
958 4502 1105 4563 similitor
1130 4502 1274 4563 vendidit
1299 4503 1487 4584 porcionem

223 4627 314 4672 ouem
339 4609 485 4672 eiusdem
509 4610 627 4673 domus
651 4609 755 4673 eidem
782 4606 925 4689 Georgio
950 4608 1165 4672 Vithltowicz.

335 4732 413 4805 Item
440 4732 602 4797 Dorothea
628 4734 737 4797 relicta
758 4729 896 4797 condam
922 4731 1051 4795 Thome
1069 4731 1215 4811 Cheden,
1239 4731 1317 4793 olim
1343 4730 1435 4813 jurati
1461 4742 1491 4791 et
