3428 5256
816 345 1002 412 Inventarriz.

285 564 420 646 capitale
437 583 509 625 cum
535 583 624 641 auro,
641 576 672 624 et
696 564 726 623 in
745 561 806 624 fine
821 564 922 644 prime
941 564 1056 645 pagine
1072 563 1204 624 secundi
1223 562 1292 624 lolii
1310 563 1379 626 finit
1401 566 1554 647 »Exurge

285 671 452 746 domine«,
477 684 507 730 et
524 669 556 730 in
573 667 636 730 fine
655 669 726 730 libri
745 668 813 730 finit
834 682 905 730 »tua
923 669 1055 730 domine
1073 669 1152 731 deus
1169 685 1290 734 nosterr
1306 671 1376 732 Deo
1392 673 1553 752 gracias«.

389 795 479 872 ltem,
497 813 596 855 unum
616 794 816 855 Bteviarium
835 814 907 855 curn
926 795 1113 856 kalendario
1130 809 1216 874 ante,
1232 796 1321 877 quod
1342 796 1455 880 incipit
1471 816 1551 858 cum

285 902 376 983 nigro
397 901 537 982 ’Regem
563 920 715 982 magnum
733 900 937 979 adoremus«,
962 914 993 963 et
1011 901 1042 961 in
1059 900 1122 962 fine
1146 902 1248 984 prime
1273 903 1390 984 pagine
1414 903 1553 965 secundi

284 1005 353 1067 lolii
379 1005 447 1068 finit
477 1006 526 1067 »in
550 1019 582 1068 te
607 1006 775 1088 psallam«,
791 1020 822 1068 et
846 1007 876 1068 in
895 1005 957 1068 fine
975 1008 1048 1068 libri
1066 1006 1135 1069 finit
1158 1022 1252 1090 »post
1265 1023 1392 1090 partum
1416 1009 1555 1089 vitgo‹;

283 1113 372 1194 quod
396 1114 485 1175 dedit
508 1114 660 1175 dominus
696 1114 901 1175 Eberhardus
933 1115 1011 1176 olim
1045 1116 1215 1198 episcopus
1246 1117 1475 1197 zagtabiensis,
1500 1136 1552 1177 re·

284 1234 377 1302 cepto
401 1219 543 1301 quodam
570 1221 734 1281 Breviario
759 1220 871 1302 pulcro
900 1235 931 1282 et
962 1222 1070 1302 magni
1105 1222 1234 1301 valoris,
1258 1221 1346 1303 quod
1372 1224 1456 1283 boue
1482 1242 1553 1283 tne-

284 1326 385 1388 morie
421 1327 573 1387 dominus
617 1326 810 1388 Lancelotus
853 1327 1014 1408 legaverat
1056 1328 1220 1409 prebende
1254 1329 1352 1390 sancti
1391 1328 1549 1410 Stephani

283 1433 526 1514 protomartiris.
679 1440 682 1447 '

388 1556 478 1635 Item,
504 1576 604 1617 unum
629 1557 828 1618 Breviarium
862 1557 1050 1639 antiquum,
1084 1558 1203 1620 modici
1235 1559 1365 1638 valoris,
1395 1560 1492 1620 breve
1518 1573 1551 1621 et

284 1662 469 1742 rotundum,
494 1664 635 1744 legatum
668 1663 832 1745 prebende
860 1683 916 1745 per
948 1663 1118 1726 dominum
1154 1666 1364 1727 Benedictutn
1388 1664 1550 1745 lwanche,

284 1769 446 1852 prebende
471 1789 625 1852 pereum
657 1769 776 1848 dotare,
800 1770 889 1851 quod
922 1768 1016 1832 habet
1041 1772 1166 1833 Blasius
1199 1773 1277 1850 Ban,
1302 1771 1549 1854 prebendarius.

782 1983 1046 2046 Racioualia.

351 2141 355 2149 '
387 2125 475 2203 Item,
492 2125 573 2186 liber
589 2125 773 2186 Racionalis
790 2127 898 2207 magni
915 2126 1102 2205 voluminis,
1120 2140 1151 2189 et
1168 2128 1280 2211 incipit
1304 2146 1377 2188 cum
1402 2126 1547 2188 rubrica:

285 2231 416 2315 ›lncipit
440 2233 522 2293 liber
546 2232 748 2310 racionalisr,
773 2247 803 2295 et
827 2231 860 2296 in
878 2232 940 2294 fine
963 2234 1066 2315 prime
1089 2234 1206 2315 pagine
1230 2233 1362 2296 secundi
1387 2231 1456 2295 lolii
1475 2231 1550 2295 linit

284 2341 429 2402 »emulor
453 2340 539 2400 enirn
565 2358 654 2416 vos«,
686 2352 716 2401 et
740 2339 772 2401 in
806 2338 868 2401 fine
900 2340 973 2401 libri
1006 2338 1075 2401 finit
1105 2360 1178 2402 cum
1212 2341 1305 2422 nigro
1332 2339 1386 2401 »ln
1411 2339 1547 2400 nomine

281 2447 415 2510 domini.
438 2451 553 2509 Amen.
580 2445 718 2529 Explicit
742 2446 903 2508 rationale
924 2446 1109 2508 divinorum
1134 2445 1336 2508 officiorum«
1363 2446 1404 2506 de
1428 2444 1545 2507 eadem

280 2553 396 2616 littera.

388 2678 477 2756 item,
502 2697 602 2740 unum
627 2677 716 2739 aliud
745 2676 920 2738 Racionale
946 2677 1080 2739 minoris
1104 2675 1289 2754 voluminis,
1313 2673 1402 2756 quod
1427 2672 1542 2756 incipit

279 2804 352 2845 cum
378 2785 501 2845 rubrica
540 2783 735 2845 ›Racionale
771 2782 955 2844 divinorum
980 2781 1195 2860 officiorum«,
1230 2795 1262 2843 et
1285 2781 1317 2842 in
1349 2778 1412 2842 fine
1437 2779 1544 2862 prime

280 2891 395 2973 pagine
418 2891 550 2952 secundi
575 2889 644 2951 folii
669 2889 739 2952 finit
766 2903 819 2951 »ut
843 2890 906 2951 iarn
932 2889 1088 2967 dicetur«,
1112 2903 1144 2951 et
1165 2889 1197 2950 in
1221 2886 1284 2950 fine
1308 2885 1381 2948 libri
1406 2883 1478 2947 finit
1501 2885 1542 2946 de

279 2996 390 3058 eadem
419 2997 522 3058 littera
541 2997 701 3079 »Explicit
724 2997 884 3058 racionale
909 2996 1093 3058 divinorum
1118 2993 1332 3056 officiorum«.

384 3121 438 3199 (ln
460 3124 623 3196 margilam)
647 3120 733 3182 lstud
765 3133 813 3182 est
844 3120 954 3182 datum
972 3120 1109 3182 condam
1143 3116 1300 3204 Mycbaeli
1333 3116 1472 3200 plebano
1506 3114 1548 3177 de

280 3227 402 3309 Lonya‚
426 3246 484 3308 pto
515 3246 581 3308 quo
612 3241 685 3288 sunt
717 3227 872 3310 propositi
905 3227 937 3287 in
970 3227 1111 3288 sacristia
1142 3226 1218 3287 certi
1243 3223 1328 3301 libri,
1359 3221 1448 3304 quod
1481 3221 1548 3283 Ra·

278 3333 403 3394 cionale
435 3332 528 3394 habet
565 3353 667 3412 nunc,
703 3349 737 3394 ut
761 3333 889 3411 dicitur,
925 3333 1077 3395 dominus
1102 3332 1258 3394 Martinus
1290 3330 1448 3412 plebanus
1482 3328 1545 3390 sub

277 3438 390 3500 maiori
417 3439 565 3502 Kemluk.

738 3634 933 3714 Legende
965 3653 1081 3696 nove

384 3774 473 3852 item,
498 3795 580 3836 unus
605 3775 685 3836 liber
711 3776 862 3856 Legende
888 3795 970 3836 nove
1003 3777 1078 3837 satis
1101 3775 1230 3856 spissus,
1252 3771 1374 3835 habent
1398 3769 1431 3832 in
1455 3770 1543 3854 ptiu-

277 3880 362 3961 cipio
386 3881 523 3962 capitula
550 3881 761 3961 detegendis,
786 3883 840 3962 qui
874 3883 984 3962 incipit
1014 3901 1085 3942 cum
1112 3881 1204 3961 nigro
1230 3878 1446 3942 »Universum
1461 3892 1543 3940 tem·

277 4006 336 4068 pus
361 3988 515 4068 presentis
540 3988 636 4064 vite«,
661 4001 691 4049 et
716 3988 746 4048 in
772 3986 834 4049 fine
860 3989 962 4070 ptime
988 3990 1103 4069 pagine
1134 3986 1264 4047 secundi
1291 3983 1360 4047 lolii
1384 3982 1454 4047 linit
1473 3981 1540 4045 »tn-

277 4112 345 4154 ccre
371 4095 454 4154 bons
480 4093 700 4169 dedecimus«,
719 4095 798 4156 etin
817 4093 878 4155 line
898 4095 969 4154 libri
988 4093 1057 4155 linit
1077 4113 1155 4154 »nos
1171 4093 1290 4154 scimus
1306 4090 1395 4172 quod
1412 4088 1542 4169 multi«,

277 4213 307 4260 et
332 4213 416 4261 caret
441 4199 513 4262 line.

382 4305 436 4385 (ln
453 4309 618 4379 mortium
637 4307 724 4383 ltem,
741 4308 872 4388 antiqua
892 4306 1055 4388 Legenda,
1073 4325 1135 4386 quc
1159 4304 1271 4386 incipit
1289 4301 1418 4364 >Passio
1440 4299 1543 4364 naeu

276 4411 439 4485 andree«,
463 4428 491 4473 et
510 4411 617 4473 inline
643 4414 786 4475 eiusdem
812 4414 884 4475 libri
910 4433 982 4474 curn
1009 4413 1111 4473 littera
1137 4413 1357 4472 beneventana
1384 4411 1542 4471 »Amen«.

383 4518 471 4593 Item,
496 4520 577 4580 alius
595 4520 675 4581 liber
701 4521 849 4602 Legende
868 4540 949 4581 nore
975 4519 1015 4580 de
1039 4516 1170 4601 pulchra
1195 4518 1299 4579 littera
1323 4511 1457 4577 minoris
1478 4530 1538 4577 vo·

274 4624 417 4703 luminis,
441 4626 495 4706 qui
522 4626 633 4708 incipit
658 4646 730 4688 cum
756 4627 880 4689 rubrica
909 4625 1087 4706 »Prologus
1111 4624 1142 4684 in
1168 4623 1249 4685 vitas
1271 4634 1475 4684 sannorum«
1500 4628 1536 4683 et

273 4746 345 4816 post
369 4731 541 4816 prologum
567 4730 688 4794 babens
712 4733 851 4817 capitula
876 4732 915 4793 de
933 4731 1090 4813 legendis,
1114 4743 1145 4790 et
1169 4729 1201 4792 in
1225 4727 1290 4792 tine
1312 4724 1387 4791 libri
1408 4720 1542 4791 fiultrlt

273 4836 387 4903 eadem
410 4837 514 4901 littera
542 4856 617 4921 »per
640 4838 750 4902 omnia
773 4838 881 4902 recula
904 4837 1100 4901 seculorum.
1129 4839 1271 4900 Amen«.
