3420 5250
706 374 796 431 Anno
818 384 907 452 1473.
1403 399 1440 460 19

173 583 245 646 tatis
269 583 302 645 in
327 603 360 645 se
378 583 596 646 continentem
623 604 680 666 pro
698 584 808 647 debito
834 587 933 669 ipsius
946 587 1084 649 condam
1101 588 1200 669 Jurgh
1225 591 1340 651 rasoris
1358 610 1433 671 pan·

175 709 288 752 norum
314 690 466 754 videlicet
489 706 610 773 septem
637 692 706 756 flor.
731 694 811 771 auri,
837 714 902 775 quo
928 694 1013 755 idem
1031 694 1168 756 condam
1195 695 1355 776 Georgius
1373 717 1438 758 car·

173 794 258 858 nilex
273 796 490 878 obligabatur,
504 797 553 859 cui
568 798 752 860 venditioni
767 799 902 881 provida
917 800 1032 862 mulier
1045 820 1124 862 uxor
1138 801 1281 862 eiusdem
1300 803 1438 864 condam

173 903 305 986 Georgii
331 902 489 966 carnificis
513 906 684 986 prebuerat
704 925 908 985 consensum,
927 907 1126 987 quequidem
1152 907 1268 968 domus
1293 921 1338 969 est
1365 918 1440 972 ven-

172 1009 236 1071 dita
262 1010 427 1092 Stephano
451 1010 593 1072 sellatori
619 1008 686 1072 lilio
712 1011 866 1072 lobannis
890 1013 1025 1074 Zalralas
1049 1012 1124 1074 dicti
1150 1013 1189 1075 de
1215 1013 1324 1094 Erdel,
1350 1034 1437 1077 novo

172 1116 295 1177 concivi
322 1131 432 1178 nostro
456 1136 492 1177 ac
509 1136 566 1198 per
590 1136 664 1177 eum
682 1117 748 1178 suis
764 1117 936 1179 heredibus
952 1117 1021 1198 jure
1050 1134 1206 1201 perpetuo
1224 1120 1440 1201 possidenda;

171 1222 221 1283 cui
247 1221 319 1284 data
345 1236 391 1283 est
415 1223 506 1284 litera
532 1237 638 1283 nostre
664 1224 905 1285 communitatis
929 1224 1150 1305 privilegialis.

277 1329 375 1402 Quod
401 1329 475 1410 quia
500 1348 559 1390 nos
590 1328 711 1389 scilicet
742 1330 958 1391 communitas
990 1330 1071 1391 dicte
1105 1331 1241 1392 civitatis
1273 1332 1437 1412 quendam

173 1432 309 1496 luridum
335 1450 441 1496 nostre
466 1435 707 1496 communitatis
741 1435 914 1513 desertum,
940 1437 994 1517 qui
1020 1437 1156 1498 condam
1183 1438 1285 1498 Frane
1313 1438 1436 1500 molen·

172 1539 329 1601 dinatoris
353 1537 524 1622 prefuerat,
558 1540 589 1600 in
627 1540 710 1601 dicta
747 1541 895 1619 civitate,
928 1540 1085 1603 hedificiis
1116 1542 1325 1620 destitutum,
1358 1544 1440 1604 inter

174 1644 288 1707 domos
313 1659 344 1707 et
368 1644 486 1707 fundos
511 1647 550 1706 ab
575 1665 637 1707 una
673 1646 823 1710 videlicet
858 1647 1048 1710 occidentali
1075 1661 1162 1729 parte
1187 1647 1272 1709 lwan
1298 1649 1438 1729 agricole

172 1750 393 1835 Scrobothych
418 1751 495 1813 dicti
521 1765 551 1813 et
578 1752 697 1813 Mathie
729 1753 844 1815 literati
878 1752 935 1814 filii
961 1753 1117 1815 lobannis
1143 1754 1324 1837 Swpanych
1349 1754 1437 1832 dicti,

172 1857 354 1919 concivium
380 1872 575 1936 nostrorum,
600 1871 631 1921 et
655 1859 737 1920 inter
754 1860 901 1937 domum,
919 1858 1055 1921 fundum
1082 1874 1113 1920 et
1130 1859 1277 1921 hedificia
1303 1862 1435 1943 provide

172 1963 316 2026 mulieris
339 1964 425 2025 Dora
450 1965 610 2046 appellate
635 1964 887 2049 Gerycheychna
905 1964 1000 2041 dicte,
1024 1967 1064 2026 ab
1089 1966 1236 2027 orientali
1263 1981 1350 2046 parte
1375 1966 1429 2026 ba·

172 2070 287 2149 bitum,
312 2091 347 2132 ac
372 2072 457 2132 avia
482 2091 538 2132 seu
563 2070 667 2153 platea
686 2072 850 2133 communi
868 2074 907 2133 ab
926 2072 1104 2133 meridione
1130 2072 1248 2149 habita,
1274 2086 1303 2134 et
1329 2092 1428 2153 usque

169 2196 297 2238 murum
325 2177 408 2238 dicte
434 2177 570 2240 civitatis
595 2198 612 2239 a
636 2179 865 2259 septemtrione
883 2198 915 2239 se
940 2178 1198 2260 protendentem,
1217 2177 1356 2239 mediam
1375 2198 1426 2239 cu·

169 2282 249 2344 riam
273 2276 315 2344 'ad
340 2303 433 2345 usum
459 2283 542 2344 dicte
568 2283 703 2344 civitatis
737 2284 768 2344 in
802 2304 834 2345 se
868 2285 1098 2361 continentem,
1129 2303 1225 2365 super
1250 2303 1308 2345 nos
1333 2304 1368 2344 ea
1393 2304 1430 2345 ex

170 2388 298 2450 racione
316 2388 517 2467 devolutum,
543 2390 618 2470 quia
643 2388 784 2471 prefatus
809 2388 945 2450 condam
972 2389 1075 2450 Fratre
1100 2389 1349 2466 molendinator,
1372 2389 1427 2450 sed

169 2513 227 2555 nec
252 2495 302 2555 sui
328 2494 472 2573 heredes,
497 2509 560 2555 tam
580 2494 703 2556 domini
730 2495 828 2555 nostri
847 2496 940 2575 regis,
965 2514 1062 2576 quam
1080 2495 1179 2555 eciam
1206 2509 1328 2556 nostras
1346 2514 1431 2556 com-

169 2621 283 2664 munes
300 2602 462 2675 collectas,
487 2602 673 2682 vigilaturas
697 2615 727 2664 et
751 2602 812 2663 alia
833 2615 1014 2683 opportuna
1041 2614 1147 2663 nostra
1172 2601 1304 2661 servicia
1330 2602 1428 2662 nostri

168 2707 200 2769 in
226 2707 369 2770 medium
395 2726 459 2768 non
493 2706 668 2789 explentes,
692 2706 817 2789 prefato
836 2707 956 2768 Mathie
982 2707 1107 2770 literato
1134 2706 1305 2790 Supanych
1332 2707 1429 2784 dicto,

168 2813 292 2875 concivi
319 2827 429 2875 nostro
461 2833 497 2874 ac
530 2832 585 2895 per
621 2833 695 2874 eum
728 2813 793 2873 suis
826 2813 998 2874 heredibus
1029 2832 1087 2894 pro
1112 2813 1275 2894 premissis
1298 2813 1379 2873 taxis
1404 2827 1434 2874 et

167 2920 347 3001 vigilaturis
370 2919 577 2980 vendidimus
609 2934 640 2980 et
672 2919 868 2980 contulimus
901 2919 968 3000 jure
1000 2932 1157 3000 perpetuo
1183 2918 1434 3000 possidendum;

167 3026 216 3088 cui
243 3025 315 3087 date
339 3039 413 3088 sunt
436 3025 528 3087 litere
554 3038 661 3085 nostre
686 3025 926 3085 communitatis
950 3025 1176 3106 privilegiales.

275 3131 372 3206 Quod
398 3132 473 3213 quia
498 3132 546 3193 vir
571 3131 726 3212 providus
762 3145 792 3192 et
816 3130 970 3193 honestus
1002 3130 1192 3192 Valentinus
1223 3144 1325 3191 sartor
1351 3132 1432 3192 Pon·

166 3256 260 3319 gracz
284 3238 398 3316 dictus,
423 3238 530 3298 senior
553 3236 673 3317 juratus
698 3250 729 3299 et
754 3237 895 3298 concivis
912 3248 1031 3314 noster,
1057 3236 1088 3296 id
1113 3233 1283 3297 sufficienti
1310 3250 1340 3297 et
1366 3237 1430 3297 evi·

167 3343 254 3406 denti
280 3343 466 3406 testimonio
492 3343 701 3426 providorum
728 3343 869 3404 virorum
903 3342 990 3404 Galli
1024 3342 1201 3425 Kodelycz,
1226 3343 1360 3403 senioris
1384 3342 1431 3422 ju·
1479 3421 1484 3430 .

168 3451 236 3527 rati,
272 3465 303 3511 et
338 3450 466 3511 Martini
503 3449 675 3531 arcuparis,
711 3449 893 3510 concivium
930 3462 1113 3509 nostrorum
1150 3468 1185 3509 ac
1222 3461 1430 3510 executorum

166 3555 349 3618 testamenti
374 3555 511 3617 condam
536 3556 669 3637 provide
695 3554 840 3616 mulieris
857 3559 965 3635 Agnes
989 3567 1101 3615 vocate
1121 3553 1292 3636 Dusychna
1317 3555 1428 3636 appel-

167 3661 240 3740 late,
265 3662 421 3723 consortis
435 3661 578 3723 eiusdem
596 3661 758 3722 Valentini
785 3660 926 3738 sartoris,
946 3660 1170 3741 comprobavit
1191 3679 1297 3721 coram
1324 3660 1417 3720 nobis
1487 3669 1488 3672 ’

167 3781 201 3830 ut
225 3767 303 3829 dum
328 3769 394 3850 ipsa
420 3768 451 3828 in
477 3768 626 3830 extremis
650 3768 713 3829 vite
741 3787 796 3829 sue
828 3767 1015 3848 temporalis
1046 3766 1231 3846 laborasset,
1255 3781 1330 3827 tunc
1354 3767 1433 3848 ipsar

168 3874 330 3956 quandam
355 3888 472 3936 terram
498 3894 588 3935 suam
614 3873 767 3936 arabilem
794 3873 825 3933 in
849 3891 963 3953 campo
988 3887 1097 3933 nostro
1122 3891 1178 3932 seu
1203 3873 1339 3933 civitatis
1362 3893 1431 3953 pre·

168 3978 231 4042 fate
255 3981 423 4066 lesycza
448 3981 617 4062 appellate,
651 3980 732 4042 inter
764 3993 879 4040 terram
906 3977 1061 4039 Johannis
1093 3976 1149 4038 lilii
1176 3978 1336 4059 Soldynar
1363 3999 1430 4039 mo·

168 4085 389 4166 dernijurati,
414 4089 453 4148 ab
479 4088 612 4164 oriente,
641 4099 670 4146 et
703 4086 785 4146 inter
816 4099 932 4145 terrum
958 4083 1071 4166 prefati
1105 4084 1267 4145 Valentini
1300 4086 1430 4146 sartoris

168 4192 329 4274 Pangracz
343 4192 430 4271 dicti,
444 4195 484 4254 ab
498 4192 675 4270 occidente,
689 4207 719 4252 et
737 4191 884 4251 similiter
901 4193 982 4252 inter
995 4191 1124 4253 terciam
1141 4204 1261 4271 partem
1279 4191 1426 4252 eiusdem

167 4312 261 4377 terre,
286 4318 382 4379 quam
410 4297 544 4381 provida
570 4298 700 4359 domina
719 4297 833 4357 Vrsula
854 4311 964 4358 vocata
997 4297 1105 4358 relicta
1131 4296 1266 4357 condam
1294 4296 1427 4377 Georgii

167 4403 314 4487 pellificis
339 4404 418 4466 olim
443 4403 548 4483 jurati,
573 4423 658 4464 nunc
683 4422 758 4465 vero
777 4422 907 4464 consors
932 4403 1088 4483 legittima
1106 4402 1261 4463 lobannis
1287 4403 1430 4483 cingula·

166 4511 244 4572 toris
267 4511 415 4572 similiter
438 4510 574 4574 senioris
590 4509 684 4591 jurati
710 4524 741 4571 et
765 4509 906 4571 concivis
928 4509 1039 4587 nostri,
1059 4511 1098 4569 ab
1124 4509 1238 4570 eodem
1263 4510 1429 4573 occidente

166 4615 345 4679 dinoscitur
368 4616 544 4698 possidere,
568 4617 673 4678 taliter
698 4631 728 4677 et
746 4615 904 4677 talimodo
923 4615 1027 4675 eidem
1053 4615 1316 4677 testamentaliter
1342 4617 1428 4697 lega·

166 4725 274 4804 visset,
299 4724 387 4806 quod
412 4725 478 4806 ipse
504 4724 695 4788 Valentinus
727 4725 890 4803 Pongracz
915 4737 1037 4805 septem
1070 4721 1152 4799 flor„
1184 4737 1259 4803 puta
1284 4723 1428 4804 quinque

168 4830 237 4896 flor.
262 4832 331 4895 auri
356 4832 532 4894 successive
557 4846 589 4894 et
612 4831 743 4913 quando
768 4830 884 4912 poterit
907 4849 965 4911 pro
990 4828 1097 4890 anima
1122 4828 1266 4889 eiusdem
1294 4830 1428 4909 Agnetis

1340 4927 1359 4968 ἓ
