3428 5256
223 275 287 336 282
779 276 926 338 Rationes.

223 490 372 550 miseram
397 489 576 550 Janlronem
609 488 716 550 hwzsr
748 487 789 550 ad
822 487 1015 550 attendenda
1047 507 1142 568 nova,
1174 502 1204 550 et
1237 488 1343 551 eidem
1372 490 1417 552 ad
1444 512 1505 553 ex-

221 614 335 677 pensas
360 594 512 656 dedi...
538 594 598 655 sol.
623 594 657 656 L.

326 697 403 761 Item
430 700 577 760 miseram
604 713 634 760 et
658 700 816 780 quosdam
836 700 916 761 alios
934 701 973 761 sd
998 700 1121 761 diversa
1147 698 1227 763 lacta
1252 701 1346 762 etad
1375 703 1503 784 Zagro-

223 807 321 885 biam,
344 805 497 867 omnibus
521 824 578 886 pro
603 806 750 887 expensis
775 805 926 869 dedi...
952 805 1011 868 sol.
1037 804 1107 871 XX.

328 911 453 973 Eodem
479 911 530 971 die
555 911 618 971 emi
644 912 745 992 pisces
770 912 801 972 in
827 926 1006 974 castro...
1033 911 1091 975 sol.
1116 910 1185 974 XX.

326 1015 402 1079 Item
428 1018 563 1078 sabbato
588 1017 619 1076 in
644 1013 725 1078 festo
742 1017 853 1077 decem
879 1017 1018 1078 millium
1044 1017 1182 1078 militum
1208 1017 1283 1080 dedi
1312 1020 1499 1084 Benedicto

221 1124 395 1186 castellano
420 1123 459 1183 de
485 1121 594 1204 Garyg
618 1122 657 1183 ad
683 1124 861 1183 necessaria
886 1124 977 1184 castri
1004 1123 1218 1187 eiusdem...
1243 1125 1302 1187 sol.
1327 1123 1381 1189 X0.

329 1245 478 1307 Michaeli
497 1245 616 1307 Ozorai
635 1265 692 1328 pro
711 1250 814 1314 lutura
832 1246 1063 1309 distributione
1082 1248 1201 1309 ibidem
1221 1248 1351 1312 dedi...
1368 1250 1431 1314 sol.
1446 1250 1495 1317 Ile.

326 1350 404 1414 Item
431 1352 502 1413 misi
528 1350 722 1433 Gregorium
741 1372 875 1434 parvum
895 1354 1086 1433 Zagrabiam
1111 1355 1206 1416 etad
1230 1374 1385 1437 expensas
1411 1357 1491 1420 dedi

224 1460 251 1518 ei
272 1507 277 1518 .
297 1507 326 1519 ..
353 1458 411 1519 sol.
438 1456 487 1521 VI.

325 1562 403 1624 Item
429 1563 543 1624 eodem
570 1563 621 1623 die
646 1563 719 1624 dedi
747 1564 875 1624 Thome
901 1565 1075 1626 castellano
1100 1565 1140 1626 de
1167 1565 1425 1648 Hrazthowycza

225 1670 284 1731 sol.
309 1666 448 1731 XXXII0.

327 1774 404 1835 Item
424 1775 524 1834 Paulo
540 1774 633 1857 Allye
647 1775 795 1836 similiter
813 1775 988 1837 castellano
1003 1776 1041 1836 de
1060 1776 1171 1838 eadem
1192 1824 1197 1835 .
1217 1825 1223 1838 .
1243 1826 1249 1838 .
1274 1776 1333 1839 sol.
1347 1774 1491 1844 xxxlr.

326 1881 402 1941 Item
429 1881 545 1941 eodem
570 1880 622 1941 die
647 1882 709 1942 erni
736 1881 775 1942 ad
800 1897 938 1943 castrum
968 1883 1145 1964 pisces...
1169 1882 1228 1946 sol.
1253 1879 1317 1946 XII.

329 2006 406 2067 Item
432 2005 507 2066 dedi
532 2007 697 2091 waywode
729 2008 896 2089 provincie
929 2006 1135 2069 Chasmensis
1159 2028 1218 2090 pro
1251 2008 1390 2071 emendo
1430 2011 1488 2071 bu·

221 2114 283 2174 tiro
308 2128 338 2174 et
362 2113 483 2173 melle.
504 2161 510 2175 .
530 2098 543 2174 .’
567 2114 625 2176 sol.
648 2110 694 2175 11⁹.
1035 2123 1037 2126 ’

327 2219 404 2280 Item
431 2219 575 2280 Benkoni
601 2219 712 2280 curiali
738 2219 777 2279 de
800 2217 947 2304 Iwanych
971 2220 1123 2282 dedi...
1146 2220 1205 2282 sol.
1231 2217 1282 2285 X0.

328 2326 404 2386 Item
431 2326 523 2385 Petro
549 2323 678 2407 pellifici
703 2325 742 2386 de
769 2326 907 2387 Chasma
932 2326 1083 2390 dedi...
1109 2328 1168 2390 sol.
1195 2328 1229 2392 L.

327 2449 403 2512 Item
430 2450 461 2509 in
487 2448 568 2510 festo
593 2451 675 2511 beati
696 2450 851 2512 Johannis
869 2451 1010 2532 Baptiste
1034 2472 1090 2533 per
1108 2451 1302 2533 Gregorium
1329 2451 1488 2514 Tharnolr

222 2557 293 2616 misi
320 2556 509 2636 Zagrabiam
534 2556 661 2616 cuidam
689 2555 851 2617 aurifabro
876 2575 934 2638 pro
960 2557 1125 2618 laboribus
1150 2559 1181 2618 in
1208 2577 1299 2620 cruce
1323 2556 1415 2619 factis
1431 2608 1438 2622 .
1456 2609 1488 2623 ..

222 2661 291 2725 flor.
316 2660 397 2724 XVI.

328 2769 451 2830 Eodem
471 2769 521 2829 die
541 2769 646 2830 remisi
665 2769 872 2830 Valentinum
890 2788 1024 2851 parvum
1042 2770 1124 2831 circa
1142 2770 1310 2833 dominum
1329 2786 1360 2833 et
1377 2771 1486 2834 eidem

221 2874 260 2934 ad
286 2894 439 2956 expensas
459 2874 558 2936 dedi.
601 2924 607 2936 .
632 2875 689 2937 sol.
714 2874 747 2937 1⁰.

328 2981 406 3043 Item
433 2982 547 3043 eodem
574 2983 626 3042 die
652 2983 722 3042 misi
750 2983 948 3043 Demetrium
982 3002 1115 3064 parvum
1142 2983 1224 3045 circa
1251 2985 1392 3046 Blasium
1419 2987 1487 3047 Ma·

222 3109 310 3169 gym,
336 3104 366 3149 et
391 3089 496 3149 eidem
522 3088 560 3148 ad
588 3108 741 3169 expensas
769 3089 916 3151 dedi...
941 3089 1000 3152 sol.
1027 3088 1059 3152 I‘.

330 3195 406 3255 Item
425 3194 501 3254 leria
520 3210 631 3275 quarta
650 3211 721 3255 ante
741 3194 855 3255 festum
871 3195 1011 3256 Ladislai
1037 3196 1068 3255 in
1088 3194 1245 3258 Gemlecb
1270 3196 1344 3256 dedi
1364 3195 1485 3257 Mathic

226 3302 316 3363 Cheh
335 3351 341 3363 .
360 3349 392 3361 ..
422 3301 478 3363 sol.
503 3301 535 3363 I0.

329 3425 477 3487 Michaeli
503 3446 700 3506 pugnat...
734 3425 793 3487 sol.
818 3425 852 3487 1⁰.

330 3533 406 3592 Item
440 3533 470 3591 in
504 3533 612 3611 vigilia
646 3535 813 3592 beatorum
847 3532 929 3592 Petri
964 3548 994 3592 et
1028 3534 1116 3593 l'auli
1152 3535 1384 3615 apostolorum,
1409 3533 1484 3595 dedi

225 3638 451 3699 I‘rebendariis
475 3638 714 3698 chasmcnsibus
738 3657 796 3718 pro
822 3638 1021 3698 celebrandis
1054 3640 1229 3703 missis...
1255 3640 1312 3702 sol.
1336 3639 1369 3702 1⁰.

326 3742 405 3806 Item
433 3745 463 3804 ln
498 3743 578 3805 lesto
612 3745 693 3804 Petri
727 3744 796 3803 misi
832 3744 1010 3805 Iohannem
1045 3745 1199 3806 Hortvath
1233 3747 1272 3807 ad
1300 3744 1484 3808 Pechwatu·

222 3850 346 3927 dinum,
372 3849 445 3909 dedi
471 3851 499 3910 ei
525 3849 564 3909 ad
590 3868 817 3930 expensas...
842 3851 900 3912 sol.
927 3851 959 3912 1⁰.

328 3973 403 4033 Item
431 3973 461 4033 in
487 3972 595 4053 vigilia
615 3974 818 4034 Visitacionis
845 3975 944 4035 Marie
967 3975 1037 4036 misi
1055 3975 1229 4055 quemdam
1257 3976 1425 4038 hominem
1444 3979 1483 4039 ad

222 4078 389 4138 sciendum
416 4098 498 4140 nova
524 4079 604 4139 circa
631 4079 777 4155 Warasd‚
804 4081 849 4140 illi
876 4080 949 4141 dedi
976 4101 1033 4161 pro
1058 4082 1275 4162 expensis...
1301 4083 1358 4145 sol.
1386 4083 1420 4146 L.

328 4184 406 4246 Item
432 4206 489 4266 pro
517 4186 654 4246 liertholr
681 4187 718 4246 ad
746 4187 923 4247 subsidium
950 4187 1103 4248 dedi...
1127 4187 1185 4249 sol.
1213 4189 1274 4250 vte.

329 4292 527 4372 Pauperibus
551 4291 697 4352 distribui
717 4341 722 4352 .
742 4342 771 4352 ..
798 4294 855 4354 sol.
880 4290 944 4358 XII.

329 4398 453 4458 Eodem
479 4398 530 4459 die
556 4399 627 4458 dedi
655 4419 712 4480 pro
737 4398 936 4460 celebrandis
966 4399 1140 4461 missis...
1165 4401 1224 4463 sol.
1249 4398 1376 4465 I‘XXV.

327 4523 403 4584 Item
430 4523 545 4584 eodem
571 4524 622 4584 die
647 4523 775 4584 cuidam
795 4523 888 4585 Petro
911 4522 1071 4605 cordipsri
1088 4542 1146 4605 pro
1171 4522 1327 4585 iaciendis
1351 4527 1484 4606 quibus·

223 4628 296 4689 dam
324 4628 448 4690 duabus
473 4630 596 4711 magnis
621 4629 726 4690 cordis
759 4628 798 4691 de
832 4647 965 4711 canapo,
988 4648 1068 4716 quas
1101 4629 1166 4718 ipse
1192 4627 1266 4695 iecit
1290 4645 1321 4691 et
1344 4633 1484 4712 portavit

222 4735 262 4805 ad
287 4749 424 4798 castrum
451 4735 524 4797 dedi
630 4735 689 4800 sol.
712 4732 809 4800 I⁶XX.
