3428 5256
790 323 941 386 Rationes.
1425 347 1486 410 279

329 537 405 600 Item
432 537 513 598 circa
538 536 712 598 adventurn
730 536 854 599 domini
880 536 1088 598 waradiensis
1106 538 1137 599 in
1163 536 1244 599 festo
1262 539 1488 603 Penthecostes

146 694 151 703 .
222 648 285 707 emi
310 647 424 728 piper.
447 697 449 703 .
471 693 477 706 .
503 642 560 708 sol.
584 639 618 705 I0.

328 751 469 814 Crocum
494 750 664 827 habebam,
689 749 778 830 quod
802 749 891 831 prius
912 768 1066 828 emeram,
1094 749 1150 811 sed
1173 763 1249 812 tunc
1274 770 1346 813 cum
1371 751 1485 813 eodem

221 856 389 938 pervenire
415 875 480 917 non
505 855 602 933 valui,
627 856 760 936 exposui
785 854 825 917 de
850 874 944 918 croco
970 855 1107 918 domini.

328 977 405 1041 Item
430 979 470 1040 ad
496 978 633 1041 eandem
658 979 909 1061 hospitalitatem
928 981 991 1042 emi
1017 981 1227 1060 zinziberum,
1252 981 1434 1044 carnofalos
1457 997 1489 1045 et

222 1085 442 1146 cinamomum
461 1134 467 1146 .
485 1134 515 1147 ..
545 1086 605 1148 sol.
630 1083 691 1149 10L.

330 1190 410 1252 Item
435 1188 494 1251 feci
520 1210 626 1252 emere
651 1192 683 1252 in
707 1189 855 1272 Iwanycb
874 1211 972 1253 unum
991 1211 1088 1274 pecus
1113 1193 1294 1272 mactabile,
1319 1195 1406 1276 quod
1425 1194 1486 1256 fuit

226 1298 360 1358 missum
384 1297 599 1377 Zagrabiam.
642 1347 649 1360 .
672 1297 730 1360 sol.
752 1295 878 1361 l⁰XXX.

330 1419 407 1483 Item
434 1421 588 1502 Zagrsbie
606 1419 684 1482 feria
702 1436 814 1503 quarta
832 1434 864 1483 et
887 1422 998 1501 quinta
1016 1437 1089 1483 ante
1117 1420 1235 1485 festum
1260 1422 1487 1486 Penthecostes

221 1547 280 1610 pro
305 1528 443 1609 coquina
467 1526 611 1588 eiusdem
638 1527 761 1588 domini
787 1527 995 1589 waradiensis
1018 1529 1102 1591 emI:

327 1633 484 1714 Wapassa
501 1681 508 1695 .
525 1682 531 1695 .
549 1685 555 1697 .
579 1632 636 1695 sol.
660 1630 801 1696 XXXVI.

326 1738 579 1820 Amigdulorum
607 1739 810 1804 nucleos...
834 1741 892 1804 sol.
917 1738 1041 1804 XXXII.

327 1845 426 1907 Poma
451 1845 611 1907 narancba
628 1895 635 1908 .
653 1895 683 1908 ..
710 1847 769 1910 sol.
793 1847 859 1910 XL.

328 1950 503 2013 LacticinIa
521 2000 528 2013 .
545 2000 574 2014 ..
598 1951 657 2015 sol.
680 1949 771 2016 XIllI.

327 2057 444 2120 Caules
467 2059 658 2122 virides...
684 2061 743 2122 sol.
770 2059 819 2125 VI.

327 2164 449 2226 Cerusa
466 2213 472 2225 .
491 2214 520 2227 ..
546 2165 603 2228 sol.
629 2166 679 2229 Vl.

329 2271 522 2333 Malvatrum
547 2292 606 2354 pro
622 2292 677 2334 ore
702 2273 921 2336 eiusdem...
946 2275 1005 2338 sol.
1029 2273 1097 2338 XX.

328 2377 399 2439 Emi
424 2392 488 2439 tres
510 2378 656 2440 lucernas
672 2429 679 2442 .
697 2427 727 2441 ..
750 2379 809 2443 sol.
834 2381 869 2444 L.

328 2484 490 2547 Candelas
513 2506 624 2567 sepeas
648 2501 679 2547 et
703 2506 881 2550 cereas...
904 2488 962 2552 sol.
986 2487 1079 2552 XVII.

329 2610 414 2683 Quia
439 2630 503 2672 non
529 2610 718 2672 suffecerant
742 2613 821 2693 pulli
840 2613 972 2692 juvenes
997 2633 1055 2696 pro
1072 2616 1212 2696 coquina
1236 2615 1393 2693 eiusdem,
1411 2616 1484 2678 ideo

222 2730 252 2778 et
277 2716 384 2798 pullos
407 2715 540 2794 juvenes
564 2713 628 2779 emi
644 2766 650 2778 .
668 2767 698 2779 ..
722 2718 781 2780 sol.
806 2716 912 2782 XLIII.

327 2822 377 2882 Ad
402 2822 605 2903 colligandae
630 2823 798 2886 honerales
831 2825 954 2887 ladulas
986 2827 1130 2887 eiusdem
1163 2829 1227 2888 erni
1254 2826 1346 2889 funes
1371 2828 1410 2889 de
1435 2849 1485 2890 ca·

222 2946 331 3008 napo.
372 2929 461 2992 ‚sol
485 2927 604 2992 XXIIII.

328 3031 404 3095 Item
431 3048 733 3116 apromptuaveram
767 3037 796 3097 ei
825 3036 998 3099 honeraros
1029 3057 1130 3120 equos
1161 3060 1198 3099 ex
1223 3039 1383 3102 curtiferis
1407 3062 1484 3122 qua·

222 3154 306 3218 tuor,
332 3140 387 3221 qui
412 3154 485 3221 post
509 3161 544 3201 ea
571 3139 700 3203 fuerunt
728 3161 829 3222 usque
864 3143 1065 3205 Modrussam
1091 3145 1122 3205 in
1156 3165 1248 3207 curru
1273 3147 1430 3225 eiusdem,
1454 3163 1485 3209 et

222 3248 295 3309 illos
319 3245 456 3308 feceram
490 3247 645 3327 Zagrabie
679 3249 829 3310 babatare
863 3264 893 3311 et
926 3251 1026 3311 eciam
1059 3251 1141 3312 alios
1172 3272 1274 3334 equos
1299 3252 1484 3333 reformare,

222 3353 352 3416 solvi..
371 3403 377 3414 .
401 3354 459 3417 sol.
485 3352 563 3416 LVI.

329 3477 449 3538 Ibidem
469 3479 625 3560 Zagrabie
638 3480 701 3540 emi
719 3493 863 3560 strangas
879 3479 918 3540 ad
936 3481 1028 3542 redas
1041 3500 1198 3562 equorum
1217 3531 1224 3543 .
1241 3532 1248 3544 .
1265 3532 1271 3545 .
1288 3483 1346 3546 sol.
1362 3481 1485 3546 XXVII.

330 3586 406 3646 Item
441 3586 472 3645 iu
505 3586 666 3647 veniendo
699 3587 889 3666 Zagrabiam
924 3585 1097 3648 familiares
1128 3588 1204 3649 dicti
1235 3589 1359 3650 domini
1385 3611 1483 3651 wara·

223 3692 342 3754 diensis
366 3692 503 3753 feceram
530 3692 722 3754 descendere
747 3712 804 3774 pro
829 3693 1073 3755 unacollacione
1100 3694 1130 3755 in
1158 3695 1344 3757 Mindzeuth
1370 3710 1401 3757 et
1425 3697 1481 3758 ibi·

222 3799 296 3860 dem
321 3800 453 3881 exposui
480 3819 537 3881 pro
563 3800 627 3859 vini
653 3814 683 3860 et
707 3800 778 3860 aliis
796 3849 802 3861 .
819 3849 849 3862 ..
873 3800 931 3863 sol.
956 3798 1092 3864 XXXIII.

328 3922 404 3986 Item
419 3924 539 3985 ibidem
557 3923 710 4004 Zagrabie
729 3924 791 3984 emi
806 3944 864 4006 pro
888 3924 1001 3986 diebus
1017 3924 1132 4005 jejunis
1149 3925 1262 3986 idriam
1281 3927 1319 3987 de
1337 3927 1435 3990 oleo.
1453 3978 1459 3991 .
1477 3977 1484 3991 .

221 4032 279 4094 sol.
303 4029 457 4094 XXXVII.
544 4069 546 4074 ·

328 4137 448 4199 Ibidem
481 4138 582 4198 eciam
619 4157 758 4199 emeram
798 4139 973 4218 pisces...
1005 4139 1062 4201 sol.
1094 4136 1251 4201 III⁰XVIII.
1289 4139 1334 4199 Ex
1366 4141 1484 4220 quibus

222 4244 321 4324 aIIqui
348 4244 502 4323 Zagrabie
528 4243 656 4305 fuerunt
682 4244 828 4325 expositI,
853 4244 960 4324 plures
987 4258 1095 4305 tamen
1120 4243 1159 4304 ad
1185 4245 1269 4305 viam
1295 4244 1399 4306 eidem
1426 4247 1483 4308 do·

222 4353 311 4412 mino
337 4351 524 4411 waradiensi
551 4351 679 4412 fuerunt
712 4351 851 4412 deducti,

327 4472 449 4536 Ibidem
467 4475 622 4554 Zagrabie
640 4494 697 4556 pro
716 4493 825 4536 mensa
850 4474 949 4555 ipsius
966 4474 1089 4535 domini
1112 4475 1318 4537 waradiensis
1341 4496 1482 4538 emeram

221 4599 402 4642 cancros..
424 4630 429 4641 .
455 4581 515 4645 sol.
540 4578 603 4644 VII.

326 4683 404 4747 Item
429 4686 585 4766 Zagrabie
609 4705 682 4748 cum
714 4686 867 4748 omnibus
897 4685 1110 4747 familiaribus
1141 4686 1265 4748 domini
1290 4687 1481 4751 intraverant

221 4790 262 4858 sd
286 4792 438 4858 balneum
463 4806 495 4855 et
519 4811 577 4881 pro
602 4792 755 4860 omuibus
776 4792 936 4861 solvi...
960 4791 1019 4859 sol.
1029 4790 1140 4878 XXV.
