3428 5256
227 320 267 399 98
806 321 1005 397 Ann01514.

226 554 242 594 a
268 548 356 614 parte
381 551 458 594 vero
491 531 697 593 meridionali
731 532 813 591 inter
843 545 961 593 terram
995 533 1152 593 desertam
1185 530 1320 613 provide
1345 533 1512 598 mulieris

226 641 378 702 Katerina
402 654 527 717 vocate,
552 638 663 700 relicte
688 638 826 699 condam
844 639 931 700 Luce
954 637 1128 720 Kolarych,
1152 658 1170 699 a
1193 650 1280 719 parte
1304 656 1386 700 vero
1412 641 1509 704 occi·

225 747 357 824 dentali,
382 747 519 828 desuper
541 745 625 806 avia
643 744 809 805 communi
827 758 858 805 et
875 744 956 806 inlra
975 764 1077 826 usque
1094 743 1227 806 fluvium
1245 762 1301 806 seu
1318 742 1506 810 decursum

224 873 308 935 aque
332 853 484 935 pluvialis
508 851 670 914 mediante
695 849 837 931 quadam
861 852 913 912 via
945 851 1083 912 curruali
1109 850 1186 931 ipsis
1209 849 1332 913 scilicet
1355 851 1508 916 circum·

223 958 337 1020 vicinis
361 957 572 1034 deserviente,
589 956 732 1018 habitam
757 969 788 1016 et
804 956 1005 1034 existentem,
1022 956 1118 1017 simul
1141 975 1211 1019 cum
1237 956 1393 1018 omuibus
1411 959 1506 1021 eius·

224 1066 297 1128 dem
313 1065 405 1126 vinee
420 1063 621 1141 utilitatibus,
635 1062 747 1123 usibus
759 1077 790 1123 et
803 1064 1008 1144 pertinenciis
1022 1063 1178 1124 universis
1201 1061 1335 1145 provide
1360 1063 1505 1128 mulieri

225 1170 400 1233 Katherine
425 1170 535 1231 relicte
560 1169 697 1230 condam
725 1168 821 1229 Blasii
855 1169 995 1248 agricole
1020 1169 1059 1230 de
1092 1167 1211 1250 prelata
1237 1168 1435 1231 Werbowcz
1461 1191 1504 1234 ac

223 1298 280 1361 per
304 1298 375 1339 eam
399 1277 465 1338 suis
488 1276 663 1338 heredibus
686 1295 745 1357 pro
770 1273 839 1337 llor.
872 1276 975 1336 tribus
1007 1275 1229 1337 libertavimus
1252 1276 1374 1355 absque
1400 1278 1502 1340 omni

223 1402 321 1445 censu
345 1383 511 1444 communi
536 1395 646 1442 nostro
671 1380 740 1460 jure
766 1394 922 1462 perpetuo
939 1382 1044 1442 eidem
1070 1379 1275 1441 vendidimus
1299 1393 1330 1441 et
1354 1379 1500 1465 inscrip-

222 1491 334 1553 simus.

330 1596 428 1670 Quod
453 1615 513 1656 nos
536 1594 700 1676 quandam
725 1608 842 1655 terram
868 1608 1008 1654 nostram
1039 1612 1244 1669 communem
1270 1592 1301 1653 in
1326 1593 1499 1658 territorio

224 1718 333 1766 nostro
357 1724 412 1765 seu
436 1703 573 1764 civitatis
598 1700 719 1783 prefate
744 1702 945 1778 existentem,
975 1701 1056 1762 inter
1080 1701 1175 1762 aliam
1200 1715 1317 1763 terram
1340 1700 1499 1766 similiter

223 1810 378 1872 arabilem
403 1809 530 1891 providi
554 1822 585 1869 et
609 1808 735 1869 honesti
761 1808 819 1868 viri
840 1807 1006 1869 Benedicti
1025 1804 1132 1885 labris,
1157 1808 1197 1868 ab
1222 1805 1371 1868 orientali
1388 1823 1499 1889 parte,

223 1937 239 1977 a
258 1914 510 1996 septemtrionali
530 1915 612 1975 inter
630 1912 740 1975 senilia
757 1913 884 1996 providi
910 1914 969 1974 viri
988 1914 1149 1975 Valentini
1170 1912 1348 1976 Valenthek
1365 1932 1497 1978 nuncu-

223 2023 300 2104 pati,
324 2042 341 2082 a
368 2020 571 2082 meridionali
598 2034 628 2080 et
653 2020 845 2081 occidentali
879 2020 1022 2100 partibus
1054 2019 1103 2080 vie
1137 2038 1326 2080 communes
1348 2038 1406 2080 seu
1431 2040 1496 2102 pu·

224 2128 317 2205 blice,
341 2127 484 2188 habitam
508 2138 540 2187 et
563 2126 762 2203 existentem,
787 2126 867 2186 duas
892 2125 994 2186 dietas
1020 2125 1050 2185 in
1076 2145 1108 2186 se
1134 2125 1364 2202 continentem,
1387 2125 1491 2191 simul

223 2254 295 2295 cum
321 2233 472 2294 omnibus
496 2231 641 2293 eiusdem
666 2246 747 2293 terre
772 2231 902 2293 arabilis
928 2252 1053 2293 necnon
1078 2232 1203 2292 duabus
1227 2231 1330 2309 dietis,
1355 2245 1390 2293 ut
1415 2251 1493 2313 pre·

224 2338 336 2416 fertur,
349 2339 553 2414 utilitatibus,
567 2337 678 2398 usibus
692 2354 721 2398 et
735 2337 941 2419 pertinenciis
958 2338 1114 2398 universis
1138 2337 1275 2419 provido
1289 2337 1357 2397 viro
1371 2336 1493 2401 Valen-

222 2447 291 2508 tino
317 2444 474 2506 Horwath
499 2444 539 2504 de
564 2443 758 2504 Werhowcz
776 2444 880 2505 incole
906 2444 1155 2505 etinhabitatori
1172 2443 1323 2505 territorii
1347 2443 1490 2508 civitatis

224 2567 330 2612 nostre
367 2571 402 2611 ac
435 2569 490 2630 per
515 2569 587 2610 eum
621 2551 685 2609 suis
709 2549 882 2610 heredibus
907 2569 964 2630 pro
997 2550 1065 2612 lior.
1098 2549 1225 2633 duobus
1249 2548 1317 2610 auri
1351 2549 1489 2614 liberam

223 2659 343 2737 absque
368 2657 457 2717 omni
482 2675 578 2716 censu
602 2656 767 2716 communi
805 2670 914 2716 nostro
947 2654 1012 2733 jure
1045 2670 1201 2738 perpetuo
1224 2655 1431 2717 vendidimus
1455 2673 1489 2720 et

223 2765 442 2845 inscripsimus
467 2763 706 2844 possidendam.

329 2869 426 2943 Quod
452 2888 511 2929 nos
535 2869 700 2948 quoddam
726 2866 864 2929 fundum
890 2883 1034 2929 nostrum
1068 2887 1286 2945 communem,
1311 2868 1488 2948 desertum,

224 2977 416 3058 penitusque
450 2975 648 3051 destitutum,
674 2975 705 3034 in
739 2973 859 3055 prelata
892 2975 1018 3036 civitate
1051 2974 1208 3051 habitum,
1232 2994 1332 3057 prope
1358 2975 1486 3038 Novam

222 3097 346 3164 portam
375 3101 472 3162 penes
496 3096 526 3141 et
552 3100 651 3161 prope
674 3078 810 3142 fundum
837 3101 892 3142 seu
917 3082 1018 3142 eciam
1044 3082 1155 3141 turrim
1181 3080 1324 3163 Capituli
1350 3081 1486 3144 ecclesie

223 3187 448 3267 zagrabiensis,
474 3206 490 3245 a
516 3204 603 3266 parte
628 3187 897 3267 septemtrionali,
921 3207 938 3247 a
964 3200 1051 3267 parte
1070 3206 1145 3247 vero
1171 3187 1375 3248 meridionali
1401 3187 1485 3250 inter

223 3293 376 3374 (h)ortum
403 3293 528 3373 providi
555 3293 613 3352 viri
640 3292 805 3352 Michaelis
831 3293 986 3375 Sumogy‚
1020 3294 1162 3355 concivis
1194 3293 1304 3373 nostri,
1330 3291 1376 3378 sab
1400 3295 1485 3356 occi·

223 3400 342 3461 dentali
369 3399 471 3479 platea
496 3418 551 3459 seu
578 3400 628 3459 via
653 3400 834 3459 communis
867 3414 899 3461 et
930 3420 1030 3481 usque
1064 3420 1192 3461 murum
1217 3401 1354 3462 civitatis
1377 3418 1410 3462 se
1432 3420 1486 3462 ex·

223 3507 366 3581 tendens,
399 3505 542 3565 habitum
577 3518 607 3565 et
638 3505 835 3580 existentem,
861 3506 956 3592 simul
981 3525 1053 3567 cum
1075 3507 1227 3568 omnibus
1251 3504 1485 3568 eiusdemlun·

223 3613 320 3693 dique
346 3611 459 3672 deserti
486 3610 682 3686 utilitrtibus,
696 3611 815 3688 usibus,
840 3625 870 3672 et
892 3612 1097 3692 pertinenciis
1114 3611 1270 3674 universis
1295 3611 1431 3693 provido
1455 3628 1488 3675 et

223 3718 357 3778 honesto
382 3717 450 3777 viro
476 3715 624 3776 Michaeli
652 3717 778 3797 llepecz
803 3733 1001 3799 nuncupato,
1027 3701 1146 3779 ut'iam
1172 3737 1258 3780 novo
1283 3718 1408 3780 concivi
1426 3738 1486 3780 no·

222 3839 297 3899 stro,
323 3843 357 3883 ac
390 3843 445 3903 per
477 3841 549 3882 eum
585 3823 650 3883 suis
686 3823 857 3885 heredibus
891 3845 948 3906 pro
981 3824 1049 3887 flor.
1084 3824 1211 3885 duobus
1242 3824 1311 3885 auri
1346 3825 1484 3887 liberum

222 3932 342 4008 absque
368 3929 455 3989 omni
482 3948 578 3989 censu
603 3944 712 3990 nostro
744 3931 920 4008 communi,
943 3930 1009 4010 jure
1042 3943 1198 4012 perpetuo
1224 3929 1430 3992 vendidimus
1454 3945 1486 3992 et

223 4036 442 4116 inscripsimus
468 4034 711 4116 possidendum,

328 4141 424 4212 Quod
452 4162 510 4202 nos
534 4141 697 4222 quandam
722 4142 835 4202 silvam
861 4157 1003 4205 nostram
1033 4160 1240 4203 communem
1266 4142 1297 4203 in
1323 4143 1486 4204 territorio

223 4261 330 4307 nostro
355 4267 410 4307 seu
437 4248 572 4307 civitatis
598 4245 728 4327 prefate,
755 4249 835 4309 inter
860 4249 988 4311 vineam
1010 4247 1119 4309 relicte
1144 4248 1282 4310 condam
1308 4249 1484 4326 Ambrosii,

223 4354 328 4413 Bruoz
354 4354 539 4433 nuncupati,
564 4373 579 4412 a
607 4353 810 4414 meridionali
841 4368 940 4435 parte,
965 4374 982 4415 a
1014 4366 1102 4435 parte
1126 4372 1202 4415 vero
1227 4354 1483 4436 septemtrionali

223 4459 303 4519 inter
327 4459 453 4519 vineam
479 4459 637 4520 desertam
656 4460 788 4522 ecclesie
814 4474 921 4523 nostre
939 4458 1131 4541 parochialis
1147 4460 1232 4522 beati
1259 4461 1356 4523 Marci
1374 4480 1481 4522 ewan-

220 4565 344 4645 geliste,
368 4566 407 4625 ab
432 4564 637 4640 occidentali;
661 4565 799 4648 desuper
822 4586 839 4627 a
864 4567 916 4629 via
939 4565 1104 4628 communi
1133 4579 1164 4628 et
1189 4565 1270 4628 inlra
1300 4585 1402 4648 usque
1427 4566 1485 4628 flu·

222 4670 309 4731 vium
341 4689 397 4730 seu
432 4670 601 4731 decursum
637 4689 719 4752 aque
752 4671 904 4754 pluvialis
934 4690 1044 4734 versus
1077 4686 1199 4755 partem
1231 4672 1422 4737 orientalem
1453 4689 1488 4735 se

222 4775 457 4855 extendentem,
483 4775 623 4838 habitam
650 4790 680 4838 et
704 4777 906 4858 existentem,
928 4776 1026 4841 simul
1058 4794 1132 4841 cum
1156 4778 1311 4842 omnibus
1341 4777 1486 4843 eiusdem
