3428 5256
768 315 951 376 inventaria.
1424 313 1483 396 187

327 529 407 591 ltem
432 527 494 588 due
519 526 626 589 stricte
647 526 718 589 albe
743 526 782 587 de
807 527 964 588 kamwlra.

217 638 221 644 '
328 634 407 696 ltem
432 632 571 715 quedam
598 633 759 714 quantitas
782 632 905 712 argenti
930 632 969 692 ad
992 631 1127 692 modurn
1150 632 1301 693 craticule
1326 632 1366 693 ad
1384 652 1483 693 unum

223 740 364 803 mensale
389 740 544 801 involuta.

328 846 405 908 Item
431 845 567 927 desuper
592 842 760 927 posuimus
783 862 880 904 unam
905 841 1084 925 thapeciam
1110 841 1289 906 meliorem.

847 962 859 991 1

796 1002 809 1031 t
896 1003 909 1032 t

331 1077 410 1140 Item
435 1077 475 1139 ad
500 1076 656 1140 maiorem
680 1079 791 1141 cistam
817 1076 940 1138 albam:
968 1073 995 1136 J.
1020 1073 1157 1157 desuper
1188 1074 1358 1155 signatam,
1383 1074 1484 1156 impo-

222 1186 348 1247 suimus
371 1185 439 1266 jura
465 1184 598 1247 ecclesie
623 1186 654 1246 iu
679 1185 757 1247 tecis
781 1182 914 1245 diversis
942 1180 1122 1262 composita
1147 1193 1177 1242 et
1201 1179 1301 1242 literis
1324 1178 1485 1263 alphabeti

222 1293 356 1374 signata.

329 1398 406 1459 ltem
432 1398 535 1479 prima
560 1398 650 1460 theca
684 1416 741 1458 seu
772 1395 893 1458 scatula
922 1414 995 1456 cum
1028 1393 1152 1473 juribus
1183 1393 1289 1473 plena,
1314 1391 1421 1454 litera:
1447 1396 1485 1454 Α.

223 1504 357 1586 signata.

330 1610 407 1672 ltem
431 1609 572 1672 secunda
595 1609 716 1671 scatula
740 1627 797 1690 per
820 1606 964 1669 literam:
990 1606 1025 1669 Β.

327 1716 405 1778 Item
430 1716 527 1779 tercia
551 1715 672 1778 scutula
696 1733 773 1796 per:
800 1713 837 1776 C.

328 1822 405 1884 ltem
431 1839 542 1904 quarta
568 1841 641 1904 per:
667 1821 705 1883 D.
732 1821 834 1904 Supra
859 1821 915 1882 has
939 1820 1076 1882 scutulas
1103 1819 1271 1900 posuimus
1295 1838 1392 1879 unam
1417 1837 1487 1879 cor·

224 1930 322 1990 tinam
349 1930 523 2011 oblongam
549 1948 608 2011 pro
631 1928 776 1990 custodia
799 1927 992 2008 sigillorum.

329 2033 406 2095 ltem
432 2033 632 2095 insecundo
669 2032 801 2094 ordine:
835 2032 947 2113 quinta
972 2031 1093 2093 scutula
1125 2031 1164 2092 de
1198 2031 1306 2093 litera:
1332 2030 1376 2104 E3
1400 2045 1486 2091 sexta

222 2138 262 2199 de
288 2140 395 2201 litera:
421 2139 445 2200 F
456 2160 464 2216 ;
489 2143 624 2222 septima
649 2139 689 2200 de
707 2121 815 2200 litera:
841 2136 888 2213 G;
913 2153 1024 2199 octava
1050 2138 1089 2198 de
1108 2138 1215 2199 litera:
1243 2138 1291 2212 l·l;
1316 2150 1427 2198 octava
1446 2136 1485 2196 de

222 2245 330 2307 litera:
357 2246 386 2320 1;
411 2265 495 2307 nona
521 2245 560 2306 de
586 2246 699 2306 litera:
725 2244 772 2320 K;
797 2243 922 2305 decima
947 2243 986 2305 de
1004 2244 1114 2305 litera:
1140 2243 1184 2319 L;
1209 2242 1419 2304 duodecima:
1438 2241 1486 2318 0;

222 2370 284 2431 que
309 2351 429 2412 scatule
453 2366 527 2412 sunt
550 2351 646 2433 plene
671 2349 710 2410 de
735 2349 859 2429 juribus
883 2350 1027 2413 ecclesie.

329 2455 406 2518 ltem
432 2457 472 2518 ad
498 2455 735 2519 fortificandum
762 2457 890 2517 easdem
923 2456 1059 2517 scutulas
1091 2457 1259 2538 posuimus
1284 2456 1323 2516 ad
1349 2457 1484 2518 eundern

224 2561 334 2622 cistam
359 2563 438 2624 duas
463 2565 601 2625 cortinas
625 2563 664 2623 ad
682 2561 792 2624 stallos
810 2563 1005 2643 pertinentes
1029 2575 1060 2623 et
1077 2581 1177 2623 unum
1201 2563 1355 2640 mensale,
1372 2563 1486 2624 iterum

224 2685 323 2726 uuum
349 2667 484 2749 longum
511 2669 654 2758 mensale
678 2681 780 2730 vetus.

330 2771 407 2833 ltem
432 2773 569 2856 desuper
592 2773 760 2856 posuimus
784 2773 967 2855 Registrum
992 2772 1182 2835 eorumdem
1208 2772 1336 2853 jurium.

848 2895 861 2922 C

799 2935 811 2964 Ι
898 2936 912 2964 U

331 3002 409 3064 ltern
432 3002 472 3064 ad
497 3003 608 3064 cistam
634 3016 754 3065 sextam
779 3003 886 3066 albsm
911 3005 1079 3085 posuimus
1103 3023 1152 3065 res
1177 3001 1409 3085 infrascriptos:

331 3109 410 3171 ltcm
436 3109 583 3191 inprimis
607 3111 639 3170 iu
664 3108 765 3170 fondo
790 3110 932 3171 eiusdem
968 3110 1043 3170 ciste
1066 3109 1233 3190 posuimus
1258 3128 1353 3170 unam
1378 3108 1487 3191 thape-

227 3216 310 3277 ciam
337 3215 517 3297 simplicem
543 3228 574 3276 et
590 3214 727 3297 desuper
744 3235 839 3276 unam
857 3214 1037 3277 corthiuam
1054 3214 1197 3296 pulcram
1223 3230 1254 3276 et
1279 3234 1395 3276 novam
1414 3234 1487 3276 curn

227 3323 423 3403 imaginibus
448 3322 480 3382 in
496 3341 559 3401 qua
578 3320 762 3401 designatur
778 3319 1054 3403 exemplificative‚
1073 3340 1162 3382 more
1179 3320 1345 3382 musaico:
1370 3320 1487 3381 Fames

227 3444 257 3489 ct
282 3427 528 3489 Habuudancia.

332 3534 408 3595 ltem
434 3553 533 3594 unum
560 3534 688 3594 Missale
712 3533 744 3594 in
769 3533 926 3594 asseribus
954 3552 1019 3594 non
1037 3532 1171 3613 ligatum
1196 3546 1227 3594 et
1251 3551 1316 3594 non
1342 3533 1485 3614 comple-

222 3655 289 3702 tum
306 3661 361 3723 per
378 3639 516 3702 condam
536 3639 705 3702 dominum
724 3639 902 3721 Georgium
923 3638 1160 3721 suffraganeum
1176 3640 1309 3701 ecclesie
1336 3640 1488 3720 legatum.

331 3747 406 3807 ltem
435 3767 497 3807 una
523 3766 622 3828 cappa
648 3747 687 3807 de
712 3747 825 3807 attlacz
850 3746 974 3827 optimo
999 3745 1092 3807 flavei
1117 3745 1244 3807 coloris.

332 3853 410 3915 ltem
434 3854 574 3914 secunda
599 3872 699 3936 cappa
725 3853 764 3914 de
789 3871 931 3933 purpura
963 3872 1047 3913 nova
1072 3851 1216 3913 eiusdem
1241 3849 1334 3912 flavei
1361 3853 1488 3916 coloris.

331 3959 408 4020 ltem
433 3960 529 4021 tercia
555 3979 655 4041 cappa
680 3961 778 4020 rubea
803 3972 966 4036 veterana,
990 3960 1029 4020 de
1047 3978 1199 4039 purpura,
1223 3978 1296 4019 cum
1315 3956 1422 4019 fibulis
1439 3979 1487 4020 ar·

223 4066 357 4146 genteis‚
383 4065 545 4147 lapidibus
569 4066 722 4147 preciosis
745 4079 868 4127 ornata.

332 4172 409 4234 ltem
434 4172 499 4232 duo
526 4173 667 4233 Missalia
692 4191 774 4232 nova
800 4185 830 4231 et
854 4171 985 4252 optima.

333 4279 408 4339 ltem
435 4279 501 4339 duo
525 4279 627 4340 cusini
652 4278 691 4340 de
712 4298 781 4339 raso
800 4277 905 4354 viridi,
923 4278 1037 4359 optimi
1062 4294 1092 4339 et
1110 4278 1197 4354 novi,
1222 4296 1304 4338 uuus
1328 4280 1490 4363 oblongus

227 4385 305 4448 alter
330 4385 446 4446 brevis.

333 4492 410 4552 ltem
435 4492 551 4553 tercius
576 4491 705 4552 cusinus
729 4491 877 4551 similiter
904 4491 1076 4570 oblongus,
1101 4491 1244 4573 optimus
1268 4506 1299 4554 et
1323 4511 1426 4555 novus
1449 4493 1490 4554 dc

227 4617 297 4658 raso
322 4600 433 4674 rubeo,
458 4612 488 4658 et
512 4612 645 4678 quartus
663 4597 792 4659 cusinus
809 4596 914 4656 brevis
931 4595 970 4657 de
988 4615 1128 4679 purpura
1150 4617 1246 4660 aurea
1264 4613 1295 4660 et
1311 4596 1488 4661 florizatha.

334 4702 412 4764 ltem
438 4704 575 4787 desuper
599 4705 766 4785 posuimus
791 4720 888 4763 unam
919 4702 1098 4784 thapeciam
1132 4723 1282 4786 magnam
1307 4718 1338 4766 et
1362 4723 1490 4770 novam.

752 4840 964 4858 —0-0—0—
