3428 5256
821 1235 884 1314 ΙΧ.

234 1486 325 1548 ¹504·
376 1468 458 1529 Pro
502 1468 635 1528 missa
690 1468 810 1530 beati
854 1467 971 1548 regis
1019 1467 1253 1551 Stephani,
1306 1472 1501 1550 patroni

226 1573 357 1634 huius
381 1574 491 1635 alme
517 1573 935 1655 ecclesie‚singulis
959 1573 1119 1636 diebus
1143 1573 1367 1636 cantando
1395 1596 1498 1639 con·

223 1681 440 1742 tinuanda
476 1701 606 1762 super
639 1700 793 1761 magno
824 1681 961 1742 altari
993 1682 1144 1743 statim
1177 1680 1312 1743 finita
1337 1683 1500 1763 prima,

224 1787 257 1867 (i.
276 1786 399 1852 ebora
418 1786 1498 1870 breviarii)‚cumeisdemprebendariisconvencio

223 1892 340 1954 iacta
373 1908 438 1954 est
469 1894 509 1954 in
545 1890 662 1955 festo
698 1894 816 1954 beati
854 1893 1004 1974 Egidii
1041 1894 1242 1972 abbatis,
1277 1911 1354 1974 pro
1389 1891 1497 1961 flor.

224 2000 570 2081 quinquaginta,
596 1999 1219 2080 usquerevolucionemanni
1244 1999 1428 2081 integri,
1454 2000 1494 2063 in

223 2105 626 2166 duobusterminis
658 2105 935 2182 solucionis,
969 2125 1046 2186 pro
1078 2125 1158 2186 qua
1184 2106 1310 2167 missa
1334 2123 1493 2168 memo·

223 2211 564 2272 ratusdominus
589 2211 978 2288 reverendissmus,
1003 2211 1208 2272 dominus
1233 2212 1377 2289 Lucas,
1402 2230 1492 2293 pre·

223 2317 344 2378 latus
370 2331 517 2379 noster
540 2317 919 2397 graciosissimus‚
951 2317 1082 2378 dedit
1107 2316 1301 2379 decimas
1325 2317 1492 2380 utrius·

223 2443 306 2503 que
333 2421 529 2483 Gradecz
555 2422 964 2503 compertinenciis
994 2438 1033 2484 et
1059 2424 1244 2505 Petryne
1270 2422 1493 2486 similiter

223 2549 315 2590 cum
341 2529 650 2610 pertinenciis,
676 2545 853 2611 excepta
878 2542 1047 2610 quarta,
1073 2549 1154 2610 que
1179 2529 1368 2591 debetur
1394 2528 1492 2593 Pre-

229 2636 385 2715 posito
410 2636 565 2695 maiori
604 2635 733 2695 huius
766 2635 959 2697 ecclesie
991 2636 1028 2696 in
1062 2635 1330 2718 prescriptis
1354 2634 1491 2713 locis;

231 2761 355 2822 quam
382 2743 550 2801 missam
578 2740 1489 2824 ceperuntcontinuareprebendariidie

711 2850 976 2931 prescripto.

328 3043 388 3102 Pro
414 3043 659 3122 supportacione
693 3041 813 3122 prefate
847 3043 939 3103 misse
973 3042 1192 3123 prebendariis
1225 3041 1289 3103 dati
1314 3054 1388 3102 sunt
1415 3040 1489 3106 flor.

224 3149 335 3226 vigimi
363 3150 505 3228 quinque
533 3149 562 3206 in
590 3147 670 3208 festo
695 3149 867 3209 scolastice
893 3149 1036 3227 virginis,
1062 3168 1146 3208 anno
1173 3147 1304 3208 Domini
1335 3168 1427 3228 ¹505·

330 3261 425 3314 Anno
451 3256 625 3334 prescripto
651 3274 708 3335 pro
726 3257 972 3335 supporracione
990 3255 1132 3315 ciusdem
1154 3255 1249 3314 misse
1267 3253 1490 3336 prebendariis

223 3361 319 3420 soluti
346 3376 418 3420 sunt
445 3361 511 3422 rior.
536 3361 647 3439 viginti
673 3361 816 3441 quinque
843 3362 872 3420 in
900 3361 1008 3440 vigilia
1042 3360 1224 3421 Nativitaris
1250 3361 1359 3422 Marie.

331 3466 405 3525 lrcm
432 3486 517 3526 anno
544 3466 674 3526 Domini
707 3466 882 3526 millesimo
915 3467 1176 3546 quingentesimo
1208 3479 1307 3544 sexto,
1340 3466 1372 3526 in
1405 3463 1488 3527 sesto

224 3572 385 3631 Valentini
412 3573 549 3632 martiris
586 3573 649 3633 dari
675 3587 747 3633 sunt
773 3572 992 3653 prebendariis
1022 3573 1090 3632 flor.
1117 3572 1229 3651 viginti
1255 3572 1401 3652 quinque
1426 3590 1487 3652 pro

222 3679 468 3759 supportacione
494 3681 605 3742 misse:
637 3680 683 3740 Os
706 3679 778 3758 justi
804 3693 861 3742 etc.

329 3786 452 3846 Eodem
478 3807 562 3846 anno
589 3788 708 3846 eisdem
732 3786 952 3866 prebendariis
970 3787 1033 3846 dari
1060 3786 1128 3847 flor.
1146 3785 1257 3866 viginti
1284 3785 1427 3866 quinque
1454 3785 1487 3847 in

223 3889 304 3950 festo
331 3892 547 3952 Exalracionis
578 3913 600 3953 s.
625 3893 747 3953 Crucis.

330 3998 404 4057 irem
432 4018 516 4058 anno
544 3999 674 4059 Domini
700 3999 875 4059 millesimo
893 3999 1154 4079 quingentesimo
1172 4000 1320 4080 septimo,
1346 3999 1377 4059 in
1404 3996 1487 4061 festo

223 4102 376 4163 kathedre
401 4106 499 4165 sancti
527 4105 608 4165 Petri
647 4105 784 4186 apostoli
810 4106 905 4165 soluti
932 4119 1005 4165 sunt
1030 4105 1248 4185 prebendariis
1273 4103 1342 4168 flor.
1367 4102 1487 4186 viginti

221 4211 366 4291 quinque
392 4232 448 4293 pro
474 4212 721 4292 supportacione
747 4212 861 4271 misse:
887 4210 934 4270 Os
958 4210 1030 4288 justi
1057 4227 1115 4273 etc.

330 4318 452 4378 Eodem
480 4338 565 4377 anno
591 4318 621 4377 in
641 4315 722 4378 festo
748 4318 855 4397 Egidii
874 4318 997 4377 abbatis
1015 4317 1078 4377 dari
1105 4332 1178 4379 sunt
1203 4316 1323 4378 eisdem
1350 4319 1486 4399 preben-

221 4421 317 4482 dariis
342 4422 410 4485 iior.
434 4425 545 4503 viginti
571 4425 725 4505 quinque.

327 4530 401 4590 item
429 4550 512 4589 anno
540 4531 669 4590 Domini
697 4530 872 4591 millesimo
901 4529 1161 4609 quingentesimo
1186 4543 1311 4605 octavo,
1336 4548 1394 4610 pro
1411 4549 1487 4613 sup·

221 4637 408 4718 portacione
427 4637 599 4717 prescripre
618 4637 731 4698 misse:
749 4635 795 4698 Or
811 4635 896 4717 justi,
912 4634 1008 4697 solari
1027 4649 1100 4696 sunt
1124 4634 1193 4698 flor.
1208 4635 1322 4716 viginti
1340 4636 1488 4719 quinque

221 4742 253 4803 in
279 4740 359 4804 festo
385 4744 475 4803 beare
502 4741 676 4824 Apollonis
701 4741 843 4824 virginis.
