3428 5256
225 317 287 379 302
777 294 930 358 Rationes.

226 510 420 574 kathedralis
445 509 664 592 deposuerunt
696 509 727 570 in
759 508 912 591 Capitulo
946 527 1054 572 coram
1088 508 1230 573 dominia
1252 528 1316 592 pro
1341 508 1514 573 reforma·

222 617 314 679 cione
339 617 452 679 ciborii
477 615 668 678 sacramenti
693 616 725 677 iu
750 615 886 678 ecclesia
907 614 1081 678 cathedrali
1102 615 1188 679 beati
1212 616 1297 698 regis
1324 616 1512 700 Stephani,

223 725 291 786 flor.
315 725 359 800 L;
383 737 414 786 et
438 723 478 784 ad
503 723 655 804 reliquias
680 723 799 804 legavit
823 721 954 805 cipbum
979 735 1168 804 argenteum
1193 741 1307 800 uuum,
1335 721 1505 785 infundo

222 829 344 892 habens
382 830 493 891 lunam
525 843 556 891 et
587 828 712 890 stellam
743 829 774 890 in
806 828 934 906 medio,
965 829 1021 910 qui
1054 829 1212 910 ponderat
1241 828 1362 891 libram
1387 848 1499 891 unam

223 937 330 998 minus
354 936 464 998 lotone
488 955 565 998 uno,

329 1043 429 1104 iidem
455 1057 643 1104 executores
676 1055 901 1126 presentarunt
933 1043 1075 1105 dominis
1107 1043 1227 1106 ibidem
1259 1043 1331 1108 flor.
1356 1044 1390 1107 iu
1418 1066 1506 1108 auro

224 1149 292 1226 XL,
317 1149 371 1230 qui
397 1161 555 1210 steterunt
578 1149 663 1230 apud
689 1149 795 1232 ipsum
820 1150 957 1211 condam
983 1149 1153 1211 dominum
1178 1149 1415 1229 kathedralem,
1442 1152 1503 1234 qui

222 1268 296 1316 sunt
319 1275 370 1315 are
395 1256 493 1317 sancti
520 1255 704 1317 Hieronimi
730 1257 761 1317 in
787 1256 900 1319 eadem
931 1256 1065 1318 ecclesia
1090 1254 1233 1321 fundate.

329 1360 416 1423 idem
451 1360 589 1423 condam
623 1361 776 1424 dominus
807 1362 954 1424 Andreas
985 1361 1180 1424 kathedralis
1211 1362 1332 1444 legavit
1356 1364 1500 1428 anulum

225 1487 360 1529 aureum
384 1487 485 1529 unum
510 1488 582 1530 cum
608 1470 705 1531 armis
721 1470 797 1549 suis,
825 1470 880 1551 qui
898 1465 1133 1552 ponderavit(?)
1157 1469 1225 1533 flor.
1250 1483 1391 1551 quatuor
1414 1491 1497 1534 cum

227 1573 346 1651 medio,
359 1574 488 1636 tandem
504 1594 562 1657 pro
588 1573 700 1637 eadem
717 1595 843 1638 summa
857 1576 993 1658 pecunie
1006 1574 1144 1637 redemit
1157 1575 1321 1637 lohannes
1335 1577 1501 1657 presbiter

225 1699 325 1762 nepos
349 1700 434 1743 suus.

328 1783 407 1849 Item
432 1786 585 1847 dominus
609 1786 745 1848 condam
764 1786 909 1849 Andreas
927 1787 1118 1850 cathedralis
1134 1787 1253 1869 legavit
1279 1786 1340 1849 flor
1376 1786 1447 1849 llll⁰
1464 1789 1498 1851 in

224 1911 304 1953 auro
328 1912 386 1974 pro
411 1893 505 1954 missa
531 1913 586 1976 per
608 1894 759 1955 dominos
783 1892 822 1955 ad
844 1914 932 1955 aram
961 1895 1060 1956 sancti
1088 1895 1271 1957 Hieronimi
1298 1894 1499 1975 ordinanda,

224 1999 277 2076 ita,
301 2014 336 2061 ut
361 2013 464 2060 rector
488 1999 598 2060 altaris
629 2019 709 2060 neve
743 1999 974 2081 prebendarius
998 2021 1055 2083 per
1087 2000 1226 2062 eundem
1251 2000 1402 2062 ordinate
1428 2002 1498 2063 sin·

222 2106 306 2187 gulis
323 2107 416 2166 annis
439 2106 545 2167 dicere
563 2107 696 2181 debean
715 2106 778 2167 dati
797 2127 853 2188 per
870 2121 1056 2169 executores
1072 2107 1112 2168 ad
1131 2127 1245 2170 manus
1271 2106 1499 2174 dominorum.

705 2337 795 2400 ¹5¹3·
823 2337 870 2397 ¹4
893 2317 1012 2400 aprilis.

439 2512 584 2571 Exitus
617 2510 952 2591 prescriptarum
991 2511 1276 2592 pecuniarum.

330 2652 405 2713 item
432 2651 471 2711 ad
504 2664 577 2712 octo
609 2651 744 2728 tabulas,
778 2653 808 2711 in
843 2671 976 2733 corpore
1009 2651 1153 2731 ecclesie,
1186 2652 1340 2714 altaribus
1365 2653 1492 2718 ibidem

223 2759 398 2840 oppositas,
423 2778 524 2839 usque
550 2758 741 2818 hodiernum
777 2757 861 2818 diem
889 2758 1039 2820 videlicet
1072 2758 1187 2821 festum
1213 2761 1380 2822 beatorum
1406 2760 1492 2823 Thi·

225 2865 326 2926 burcii
352 2879 383 2926 et
407 2865 569 2925 Valeriani
595 2865 772 2941 martirum,
798 2864 837 2925 de
866 2884 951 2925 anno
969 2865 1100 2925 Domini
1132 2886 1223 2948 1513,
1248 2865 1313 2928 dati
1338 2880 1413 2928 sunt
1430 2915 1438 2931 .
1457 2914 1492 2932 ..

223 2970 384 3034 lion-llllc
409 2972 515 3031 minus
540 2990 627 3046 un0;
656 2984 774 3031 restant
805 2971 950 3031 solvendi
985 2990 1043 3051 pro
1075 2971 1276 3036 eisdem...
1301 2971 1370 3034 flor.
1396 2973 1493 3038 LVll.

329 3076 406 3138 item
432 3096 489 3159 pro
514 3077 615 3137 tribus
640 3077 772 3158 pulpitis
804 3076 946 3141 dati...
972 3077 1041 3138 flor.
1067 3077 1209 3141 XXVlil.

329 3183 406 3244 item
433 3203 490 3265 pro
509 3183 604 3243 bullis
622 3181 879 3244 confirmacionis
905 3184 1103 3244 decimarum
1133 3183 1172 3244 de
1199 3183 1355 3264 Gradecz,
1379 3199 1410 3247 et
1437 3206 1492 3248 ex·

227 3289 396 3350 tinccionis
427 3289 570 3350 Abbacie
602 3290 692 3349 beate
719 3289 851 3369 virginis
883 3290 922 3349 de
955 3290 1128 3370 Zagrabia,
1161 3290 1226 3352 dati
1260 3290 1329 3354 flor.
1363 3291 1485 3370 LXVI,

226 3396 284 3458 sol.
310 3394 408 3456 LXVI
435 3396 551 3457 wienn.
578 3394 612 3458 ll.

329 3501 405 3563 item
432 3501 585 3581 magistro
611 3501 787 3562 Benedicto
820 3501 1048 3563 archidiacono
1074 3501 1277 3579 Chasmensi,
1312 3518 1389 3565 tunc
1414 3505 1490 3567 sub·

224 3609 360 3685 custodi,
384 3627 443 3690 pro
468 3606 703 3669 reformacione
720 3622 984 3669 ornamentorum
1004 3607 1137 3669 ecclesie
1155 3608 1218 3670 duti
1239 3655 1245 3669 .
1264 3657 1270 3671 .
1288 3656 1296 3672 .
1313 3608 1382 3674 flor.
1407 3609 1491 3675 Xill.

222 3715 281 3775 sol.
306 3713 402 3777 Xllll.

330 3821 405 3880 item
431 3839 489 3901 pro
521 3820 680 3880 asseribus
711 3818 815 3882 ductis
848 3840 884 3881 ex
918 3820 1096 3904 Petlrowya
1129 3841 1188 3904 pro
1221 3822 1339 3883 tabulis
1364 3836 1395 3883 et
1418 3821 1491 3885 aliis

225 3926 466 3986 necessitatibus
491 3926 634 4003 ecclesie,
660 3925 724 3986 dati
749 3940 823 3987 sunt
840 3975 847 3989 .
866 3976 897 3990 ..
921 3927 990 3991 flor.
1019 3927 1103 3990 XVll
1129 3929 1187 3990 sol.
1214 3928 1339 3992 LXXV.

749 4031 881 4094 Summa
915 4034 1018 4095 exitus
1052 4032 1197 4096 facit...
1222 4034 1289 4099 flor.
1321 4032 1491 4114 V‘XXllll,

750 4138 808 4202 sol.
834 4139 888 4200 LV
912 4140 996 4203 vien.
1021 4139 1056 4202 ll.

331 4243 407 4304 item
435 4244 519 4304 idem
538 4244 690 4305 dominus
714 4244 850 4306 condam
870 4245 1015 4307 Andreas
1031 4244 1223 4306 cathedralis
1240 4245 1358 4327 legavit
1382 4266 1484 4309 uuum

224 4349 352 4430 thapete
377 4369 509 4427 novum,
535 4352 670 4428 bonum,
694 4365 725 4412 et
758 4350 837 4411 duas
869 4350 999 4413 balistas
1023 4369 1094 4411 cum
1129 4351 1288 4413 tractoriis
1313 4365 1344 4414 et
1367 4352 1490 4435 sagittis

222 4474 258 4516 ac
284 4455 406 4517 faretris
430 4456 562 4518 ecclesie
587 4457 797 4538 zagrabiensi.
1291 4538 1296 4549 .

330 4561 406 4622 item
432 4563 583 4643 magister
608 4563 734 4626 Marcus
770 4563 810 4625 de
836 4562 953 4626 Soklos
978 4561 1097 4644 legavit
1129 4562 1263 4625 ecclesie
1288 4564 1489 4644 zagrabieusi

224 4666 289 4728 duo
313 4680 419 4749 tapeta
443 4668 540 4748 longa
566 4682 597 4731 et
620 4670 724 4747 bona;
743 4670 819 4731 item
837 4687 938 4731 unum
965 4667 1107 4730 mensale
1127 4667 1282 4750 longum;
1307 4668 1384 4731 item
1408 4669 1488 4733 duo·

223 4773 329 4836 decim
353 4771 422 4839 flor.
446 4774 479 4836 iu
504 4788 645 4839 moneta.
