3428 5256
561 1361 690 1463 (Anno
718 1360 874 1448 Domini
901 1358 1087 1458 MDXXL)

202 1681 290 1757 Item
333 1682 366 1755 in
405 1704 499 1756 anno
538 1680 680 1756 Domini
726 1680 915 1756 millesimo
957 1682 1246 1781 quingentesimo
1287 1683 1465 1781 vigesimo

202 1807 329 1906 primo,
366 1812 531 1905 tempore
560 1805 728 1879 videlicet
751 1804 931 1902 judicatos
971 1806 1072 1904 primi
1104 1804 1277 1904 Stephani
1315 1805 1373 1880 lilii
1404 1805 1464 1880 Mi·

203 1929 347 2018 chaelis‚
371 1928 499 2026 judicis
529 1929 642 2003 nostri
673 1928 845 2019 moderni,
873 1951 1024 2027 presens
1044 1928 1254 2003 kathernum
1283 1940 1342 2004 est
1381 1952 1464 2004 con·

204 2054 374 2152 scriptum
406 2053 512 2129 modo
542 2061 580 2127 et
619 2052 742 2126 ordine
771 2060 880 2151 prout
916 2061 1029 2151 patet,
1067 2052 1157 2127 feria
1195 2053 1354 2127 secunda
1382 2062 1467 2152 post

562 2175 692 2250 festum
724 2173 902 2250 Valentini
934 2177 1100 2251 martiris.

714 2419 776 2496 (18.
794 2424 969 2498 februarii).

311 2565 408 2638 Quod
427 2584 498 2624 curn
525 2564 823 2645 ipsocommunitas
847 2583 905 2647 pro
931 2564 1140 2645 expediendis
1157 2565 1252 2627 certis
1268 2565 1411 2645 negociis
1436 2565 1466 2625 in

205 2671 397 2733 consistorio
423 2670 638 2746 consedisset,
670 2684 747 2731 tunc
777 2670 896 2731 nobilis
924 2670 1087 2731 lohannes
1119 2668 1257 2752 waych
1284 2670 1398 2746 dictus,
1424 2667 1468 2731 la·

209 2778 342 2839 miliaris
365 2796 520 2858 generose
537 2775 668 2837 domine
687 2776 861 2837 Katherine
886 2776 996 2837 relicte
1009 2776 1178 2857 'quondam
1204 2776 1324 2857 egregii
1344 2775 1468 2837 Nicolai

210 2887 249 2946 de
275 2886 396 2946 Zencze
423 2904 457 2945 ac
483 2884 623 2965 prudens
647 2899 677 2944 et
705 2883 953 2965 circumspectus
978 2882 1116 2944 Michael
1142 2882 1339 2966 Oprasnycz,
1363 2883 1470 2944 senior

210 2991 304 3070 judex
330 3005 360 3051 et
378 2991 519 3050 concivis
543 3004 660 3065 noster,
684 3004 838 3070 tanquam
861 2989 1000 3050 creditor
1022 2989 1165 3051 eiusdem
1191 2989 1322 3051 domine
1353 2989 1469 3051 Kathe·

212 3098 291 3173 rine,
309 3096 339 3156 io
359 3115 494 3177 persona
511 3115 548 3155 ex
572 3095 798 3156 commissione
822 3109 852 3155 et
864 3096 994 3176 speciali
1021 3094 1174 3156 mandato
1192 3094 1313 3176 prelnte
1337 3095 1469 3157 domine

211 3202 395 3279 Katherine,
413 3202 623 3283 personaliter
641 3201 860 3277 consistentes,
876 3199 1137 3282 significaverunt
1162 3201 1193 3262 in
1211 3201 1296 3263 hunc
1313 3202 1466 3263 modum:

213 3308 380 3390 quomodo
398 3307 518 3388 prelato
537 3307 667 3368 domina
694 3307 868 3368 Katherina
885 3308 977 3368 certis
994 3321 1025 3368 et
1044 3308 1294 3368 racionabilibus
1311 3307 1350 3368 de
1368 3308 1471 3369 causis

212 3429 242 3476 et
268 3414 432 3495 presertim
451 3433 523 3474 curn
542 3412 683 3495 prelatus
708 3412 845 3475 Michael
864 3413 1044 3496 Oprasnich
1063 3435 1100 3474 ex
1117 3415 1225 3496 precio
1243 3415 1359 3475 domus
1376 3413 1471 3476 inlra·

209 3521 325 3601 scripte
350 3521 485 3581 habebat
510 3519 579 3582 flor.
604 3521 767 3601 sexaginta
792 3535 914 3602 septem
939 3536 970 3581 et
995 3522 1137 3583 medium
1163 3521 1276 3582 tollere
1300 3536 1331 3582 et
1354 3521 1472 3599 levare,

210 3627 253 3687 ob
277 3625 338 3686 hoc
363 3626 496 3686 domum
522 3645 612 3686 suam
638 3641 796 3687 muratam
820 3645 893 3688 cum
910 3628 1012 3689 tribus
1036 3627 1244 3705 stationibus,
1269 3627 1411 3706 cellario,
1436 3647 1472 3689 ac

210 3747 296 3794 turre
322 3733 465 3808 muratis,
489 3734 625 3793 omnino
650 3733 788 3794 ruinosis
811 3753 847 3794 ac
872 3734 912 3793 ab
930 3735 1022 3795 annis
1046 3732 1111 3795 iere
1137 3733 1247 3795 decern
1274 3748 1304 3795 et
1328 3749 1401 3795 octo
1417 3753 1472 3816 pe·

212 3839 297 3899 nitus
321 3836 455 3900 edificiis
480 3838 650 3917 destitutis,
674 3839 769 3900 simul
795 3859 867 3900 cum
891 3841 1030 3920 quadarn
1056 3839 1154 3901 domo
1179 3840 1278 3921 lignei
1303 3841 1410 3922 operis
1432 3839 1472 3900 si·

212 3945 329 4006 militer
343 3945 504 4005 ruinosam
522 3965 557 4006 ac
570 3946 687 4007 sacello
699 3947 789 4006 beate
803 3946 916 4007 Vrsule
929 3947 1060 4026 virginis
1074 3966 1172 4026 penes
1188 3946 1324 4006 eandem
1338 3945 1472 4006 domum

212 4066 368 4112 muratam
395 4052 425 4111 in
452 4070 545 4111 muro
563 4051 700 4112 civitatis
717 4051 857 4113 habitam
876 4072 974 4133 penes
998 4066 1122 4134 portam
1142 4052 1302 4133 lapideam
1328 4051 1472 4112 eiusdem

211 4157 347 4218 civitatis
373 4156 455 4217 inter
479 4157 558 4217 duas
583 4158 703 4238 plateas
727 4177 916 4219 communes
948 4179 964 4218 a
998 4157 1201 4219 meridionali
1228 4172 1258 4219 et
1282 4157 1474 4219 occidentali

212 4263 355 4345 partibus
380 4277 410 4325 et
436 4263 517 4324 inter
542 4263 675 4324 domum
702 4264 826 4346 providi
847 4266 904 4325 viri
924 4264 1049 4326 Nicolai
1068 4264 1310 4340 barbitonsoris,
1335 4264 1476 4325 concivis

213 4370 323 4447 nostri,
348 4390 365 4430 a
390 4370 645 4452 septemtrionali
670 4384 758 4453 parte
781 4370 922 4431 habitam
948 4386 977 4432 et
1006 4371 1206 4447 existentem,
1232 4370 1311 4431 duas
1336 4371 1476 4450 integras

211 4478 314 4537 curias
338 4476 378 4537 ad
403 4495 494 4536 osum
521 4476 604 4537 dicte
629 4477 766 4538 civitatis
802 4477 834 4538 in
858 4497 891 4539 se
925 4477 1157 4554 continentem,
1182 4477 1282 4558 ipsam
1309 4477 1475 4538 dominam

214 4583 421 4644 Karberinam
447 4602 464 4642 a
489 4580 613 4663 prefato
639 4582 775 4644 Nicolao
797 4582 946 4666 Zenchey
971 4583 1106 4645 domino
1131 4596 1161 4644 et
1185 4583 1300 4644 marito
1324 4602 1383 4644 suo
1408 4582 1476 4662 jure

210 4688 409 4751 successorio
445 4703 714 4766 concernentem,
750 4689 915 4751 nobilibus
953 4690 1029 4760 ‚tritis
1061 4687 1212 4751 Michaeli
1245 4689 1415 4772 Bodosych
1439 4708 1476 4751 ec

213 4795 343 4860 Thome
369 4795 555 4881 Bodowych
580 4793 732 4858 iratribus
754 4793 916 4878 adoptivis
939 4815 998 4878 pro
1022 4794 1091 4860 flor.
1120 4811 1248 4858 centum
1272 4796 1341 4859 auri
1366 4795 1476 4859 rendi·
