3428 5256
234 328 291 409 138
761 331 942 392 Inventaria.

317 542 392 602 ltem
420 561 520 603 unum
545 541 633 602 aliud
659 539 846 602 Pontificale
871 542 1040 603 continens
1056 542 1156 602 eciam
1182 541 1442 622 benedicciones,
1462 557 1498 605 et

228 647 341 729 incipit
365 667 437 709 cum
463 648 606 709 rubrica:
643 647 694 709 ›ln
728 662 867 728 quatuor
898 648 1098 728 temporibus
1133 646 1210 708 dum
1245 648 1396 728 leguntur
1419 668 1496 730 pro·

228 752 374 835 phecie‹,
392 768 423 815 et
440 754 471 813 in
489 752 551 815 fine
568 753 640 815 libri
658 752 744 815 finit:
765 769 950 835 »permanet
963 754 995 814 in
1012 753 1119 815 secula
1133 754 1326 817 seculorum.
1345 758 1470 816 Amen«
1487 776 1496 832 ;

228 860 267 920 de
291 860 402 941 pulcra
427 859 529 922 litera.

662 1002 1056 1065 benediccionalia.

333 1146 409 1207 ltem
446 1164 527 1205 unus
559 1145 639 1205 liber
671 1144 938 1205 Benediccionale
970 1144 1084 1221 dictus,
1119 1143 1239 1206 habens
1267 1144 1299 1205 io
1328 1143 1492 1227 principio

229 1252 376 1313 ordinem
395 1251 561 1332 quomodo
580 1251 749 1333 episcopus
771 1270 803 1311 se
820 1250 947 1312 ordinet
963 1251 1002 1311 ad
1022 1251 1161 1328 missam,
1187 1265 1216 1311 et
1241 1250 1272 1311 in
1298 1249 1360 1312 fine
1385 1249 1492 1331 prime

226 1358 341 1440 pagine
366 1357 497 1418 secundi
523 1354 593 1418 lolii
618 1356 704 1418 finit:
740 1376 817 1440 ›pro
842 1356 990 1438 peccatis,
1022 1354 1288 1434 offensionibus«,
1312 1371 1343 1417 et
1368 1355 1398 1415 in
1424 1353 1489 1416 fine

225 1464 297 1525 libri
324 1463 411 1525 finit:
440 1461 567 1525 »sedem
590 1462 708 1524 habere
734 1481 798 1523 non
823 1463 979 1544 possint«.

333 1569 409 1630 Item
435 1588 536 1630 unum
561 1569 649 1631 aliud
674 1570 943 1631 Benediccionale
962 1570 1139 1650 repositum
1164 1585 1210 1632 est
1235 1571 1315 1631 inter
1339 1568 1492 1650 reliquias

226 1695 285 1758 pro
310 1676 466 1758 plenario,
491 1690 522 1736 et
546 1675 741 1758 descriptum
765 1695 859 1758 supra
885 1677 967 1737 inter
998 1677 1149 1757 plenaria.

705 1888 866 1950 Bibilie
898 1888 1012 1950 libri.

330 2031 439 2092 Primo
464 2049 526 2091 una
551 2030 661 2111 pulcra
683 2045 713 2091 et
741 2030 918 2112 solempnis
942 2030 1069 2108 Bibilia,
1094 2049 1156 2111 que
1190 2029 1319 2110 incipit:
1357 2028 1486 2090 »Frater

225 2137 448 2216 Ambrosius«,
473 2137 560 2198 etin
585 2134 647 2197 fine
680 2137 782 2218 prime
814 2136 930 2218 pagine
955 2136 1087 2198 secundi
1121 2133 1189 2197 lolii
1214 2133 1301 2195 finit:
1330 2154 1404 2216 »per
1427 2133 1482 2196 he·

224 2262 347 2304 remum
374 2242 613 2322 mansionum«,
637 2256 668 2303 et
693 2243 725 2303 in
742 2241 805 2303 fine
829 2243 903 2303 libri
921 2242 961 2302 de
982 2242 1094 2303 eadem
1112 2242 1203 2304 litera
1228 2239 1314 2301 finit:
1343 2241 1487 2303 »domini

224 2349 324 2410 nostri
350 2348 441 2409 lhesu
467 2348 585 2410 Christi
611 2368 684 2409 cum
710 2348 861 2409 omnibus
886 2348 988 2410 nobis.
1023 2354 1137 2410 Amen.
1169 2347 1210 2408 Et
1234 2360 1280 2407 est
1304 2345 1375 2410 finis
1399 2351 1487 2430 Apo-

225 2455 287 2516 ltali
313 2455 384 2515 siS.c

290 2475 310 2537 p
331 2560 407 2621 Item
433 2580 495 2622 una
521 2560 582 2620 alia
607 2580 702 2641 parva
729 2561 845 2622 Bibilia
867 2561 1046 2622 deminuta
1072 2561 1173 2639 litera,
1198 2560 1319 2623 habens
1343 2560 1375 2621 in
1399 2559 1486 2642 prin·

224 2667 309 2748 cipio
334 2681 433 2727 certas
457 2666 650 2744 divisiones,
682 2682 711 2727 et
751 2666 861 2747 incipit
892 2686 965 2727 cum
998 2667 1140 2727 rubrica:
1177 2666 1311 2748 »lncipit
1343 2663 1485 2747 prefatio

224 2774 322 2834 sancti
348 2773 503 2833 leronimi
528 2773 728 2855 presbiteri«,
754 2787 784 2832 et
809 2773 840 2832 in
866 2771 927 2833 fine
947 2774 1048 2853 prime
1070 2773 1243 2855 columpne
1266 2771 1398 2833 secundi
1415 2769 1485 2834 lolii

224 2879 310 2941 finit:
349 2880 586 2941 »habitaculum
623 2879 801 2959 nolvum)«,
838 2894 867 2939 et
904 2879 934 2938 in
974 2878 1035 2940 fine
1069 2879 1165 2940 habet
1199 2878 1484 2961 interpretaciones

225 2986 428 3047 Hebreorum
454 2985 649 3047 labulorum.
678 2988 755 3062 (sic).

518 3180 641 3241 Liber
666 3179 1010 3240 Archidiaconus
1041 3178 1190 3241 dictus.

331 3322 407 3382 ltem
435 3340 515 3381 unus
541 3321 621 3381 liber
639 3320 892 3381 ,archidiaconus
909 3320 1022 3396 dictus,
1040 3320 1093 3400 qui
1113 3320 1224 3400 incipit
1241 3339 1313 3380 cum
1339 3319 1485 3380 rubrica²

230 3426 361 3508 ’Incipit
385 3428 515 3487 libellus
547 3426 715 3508 pastoralis
748 3427 787 3487 de
819 3447 892 3486 cura
926 3442 956 3487 et
980 3423 1087 3486 officio
1120 3424 1370 3502 archidiaconi«,
1395 3441 1425 3486 ct
1451 3426 1483 3487 in

223 3531 286 3594 fine
310 3535 411 3615 prime
437 3534 553 3614 pagine
578 3532 709 3593 secundi
734 3530 801 3593 lolii
828 3531 915 3593 finit:
949 3546 1001 3592 »ut
1033 3551 1072 3592 eo
1097 3545 1284 3612 tanquam«,
1309 3530 1429 3592 habens
1454 3531 1486 3593 in

223 3639 286 3701 fine
310 3656 412 3701 certos
437 3660 611 3718 sermones,
637 3655 668 3701 et
693 3641 723 3699 in
757 3638 818 3700 fine
848 3639 920 3700 libri
953 3637 1022 3699 finit
1054 3658 1127 3699 cum
1152 3639 1297 3699 rubrica:
1325 3636 1421 3698 ›ltem
1446 3637 1486 3698 de

222 3762 332 3808 sancto
357 3747 559 3808 Ambrosio«

330 3853 407 3913 ltem
433 3853 513 3912 liber
537 3853 701 3912 scolastice
728 3852 847 3930 lstorie,
874 3852 912 3911 de
938 3852 1129 3933 pulcerrima
1163 3853 1263 3929 litera,
1289 3852 1343 3932 qui
1370 3851 1482 3933 incipit

224 3978 295 4019 cum
323 3960 464 4019 rubrica:
495 3959 626 4040 ›lncipit
651 3958 804 4039 prologus
833 3959 1011 4038 epistolaris
1045 3959 1075 4017 in
1102 3958 1209 4018 istoria
1247 3957 1388 4036 magistri
1414 3956 1484 4035 P.«,

221 4078 251 4125 et
276 4065 307 4123 in
333 4063 395 4125 fine
421 4066 522 4143 prime
548 4065 662 4145 pagine
687 4064 818 4124 secundi
847 4063 914 4124 lolii
942 4063 1027 4123 finit:
1057 4078 1107 4123 ›et
1136 4062 1248 4123 Cretas
1273 4063 1413 4126 divisit«.

332 4171 409 4231 ltem
435 4191 517 4230 unus
541 4171 622 4230 alius
652 4171 731 4230 liber
764 4170 929 4231 scolastice
965 4169 1085 4245 lstorie,
1110 4169 1231 4229 habens
1263 4169 1294 4228 in
1327 4169 1486 4252 principio

223 4279 352 4338 arbores
376 4278 577 4338 continentes
603 4277 727 4336 istorias
761 4276 887 4353 Bibilia,
912 4290 957 4337 est
991 4274 1029 4334 de
1062 4274 1154 4334 litera
1186 4274 1359 4352 mediocra,
1384 4289 1415 4336 et
1438 4275 1485 4335 in·

222 4384 298 4466 cipit
322 4403 394 4445 cum
419 4385 563 4444 rubrica:
594 4383 725 4463 »Incipit
758 4384 913 4463 prologus
946 4380 1159 4463 epistolaris«,
1185 4396 1214 4441 et
1240 4382 1270 4441 in
1296 4379 1357 4442 fine
1382 4381 1484 4462 prime

222 4491 337 4573 pagine
362 4490 493 4552 secundi
527 4489 595 4550 folii
630 4489 717 4549 finit:
754 4490 831 4549 »nisi
866 4488 1060 4565 Patileoos«,
1092 4500 1122 4547 et
1154 4487 1186 4546 in
1211 4485 1273 4547 fine
1298 4486 1370 4547 libri
1396 4485 1484 4550 finit:

226 4616 391 4679 »sumpme
417 4599 500 4658 bone
526 4595 634 4657 deus«

329 4701 406 4763 ltem
431 4720 530 4762 unum
556 4721 689 4782 parvum
716 4700 868 4763 volumen
893 4699 933 4762 de
957 4711 1045 4781 parte
1070 4697 1179 4762 latorie
1202 4699 1379 4778 scolastice,
1404 4699 1482 4762 inci·

221 4807 313 4890 piens
335 4827 353 4869 a
377 4809 482 4891 primo
506 4808 630 4890 Regum
655 4822 686 4869 et
710 4807 839 4890 incipit:
866 4804 1038 4868 »fennena
1062 4818 1184 4868 etcum
1208 4802 1320 4866 debuit
1343 4805 1484 4885 dicere«,
