3428 5256
240 337 300 402 170
775 319 957 379 Inventaria.

229 531 298 594 finit
327 547 377 594 »et
401 547 523 614 partem
550 533 616 614 ipse
641 532 735 611 sibi«,
761 532 880 593 habens
906 532 936 593 in
962 531 1024 593 fine
1050 543 1293 612 extravagantes
1319 528 1495 590 lnnocentii

228 638 343 720 quarti,
367 638 489 700 habens
514 640 545 699 in
571 637 633 701 fine
657 640 787 700 arbores
811 638 1118 719 consanguineitatis
1143 652 1172 699 et
1197 635 1371 700 affinitatis.

337 762 427 841 Item,
452 783 514 823 una
540 764 600 824 alia
626 763 793 824 decretalis
817 764 856 824 ad
881 763 1016 825 modum
1044 761 1303 844 antiquissimum
1329 775 1359 822 et
1384 761 1495 842 incipit

234 869 264 929 in
290 883 376 930 textu
405 868 601 950 »Gregorius
633 870 835 951 episcopus«,
868 884 899 932 et
932 871 962 930 in
989 869 1052 932 fine
1084 871 1186 952 prime
1219 869 1336 951 pagine
1360 866 1491 928 secundi

230 972 300 1035 folii
328 973 396 1035 finit
425 976 475 1036 »in
501 990 665 1057 posterum
698 978 773 1055 ob«,
798 976 919 1037 habens
943 976 975 1037 in
1000 976 1062 1038 fine
1087 976 1259 1037 conciones
1284 972 1495 1035 dominicales

232 1080 450 1143 Bartholomei
477 1083 687 1164 Bressyensis.

333 1187 424 1267 Item,
448 1189 530 1249 alius
554 1189 635 1250 liber
662 1188 890 1267 Decretalium,
914 1188 1061 1249 similiter
1085 1188 1125 1249 ad
1151 1188 1285 1249 modum
1310 1188 1493 1268 antiquum,

232 1294 352 1355 babens
377 1295 407 1355 in
441 1295 599 1376 principio
632 1296 762 1356 arbores
793 1294 1109 1375 consanguineitatis,
1143 1308 1173 1356 et
1206 1294 1319 1375 incipit
1343 1313 1415 1354 cum
1441 1312 1491 1353 ru·

232 1401 319 1461 brica
346 1400 479 1482 ›lncipit
504 1402 584 1463 liber
607 1401 761 1483 primus«,
786 1417 816 1461 et
841 1401 872 1461 in
897 1399 959 1461 fine
989 1401 1091 1482 prime
1124 1400 1240 1481 pagine
1265 1399 1397 1461 secundi
1424 1397 1492 1460 lolii

227 1506 301 1568 finit
327 1521 525 1569 »statuerunt
550 1522 654 1589 post«,
679 1508 766 1569 etin
792 1506 853 1568 fine
881 1506 1003 1568 habens
1035 1506 1302 1568 constitucionem
1328 1504 1490 1586 quandam

230 1613 356 1674 Nicolai
381 1628 412 1675 et
434 1614 603 1695 glosatam.

336 1737 425 1816 Item,
450 1739 531 1799 liber
551 1738 656 1801 decise
674 1739 884 1801 decretalium
902 1739 1080 1800 innocentii
1098 1739 1187 1800 tercii
1205 1753 1236 1798 et
1260 1738 1397 1799 aliorum
1416 1737 1484 1799 sine

229 1844 444 1924 coopertorio,
469 1858 500 1905 et
524 1844 637 1926 incipit
661 1844 692 1904 in
718 1858 805 1905 textu
834 1844 1064 1906 ›lnnocencius
1080 1864 1190 1905 servus
1214 1862 1414 1920 servorumc,
1433 1841 1491 1903 lra-

229 1950 305 2010 bens
332 1949 363 2010 in
388 1948 450 2011 fine
476 1951 608 2012 nomina
632 1951 836 2031 quarundam
861 1951 1082 2013 decretalium.

334 2074 423 2153 item,
448 2095 531 2137 unus
558 2077 671 2137 Sextus
689 2076 728 2137 ad
746 2077 880 2138 modum
905 2077 1129 2155 novissimum,
1154 2091 1185 2138 et
1209 2076 1324 2157 incipit
1348 2076 1380 2137 in
1405 2089 1491 2137 textu

227 2179 432 2243 ›Bonilacius
456 2183 657 2265 episcopus«,
691 2183 777 2244 etin
802 2182 864 2244 fine
897 2183 999 2265 prime
1024 2183 1140 2265 pagine
1165 2182 1298 2244 secundi
1325 2180 1394 2243 folii
1421 2180 1491 2242 finit

217 2283 315 2348 ⁴»eius
338 2288 457 2349 subditi
489 2288 642 2367 lurtum«,
667 2290 752 2350 etin
780 2289 843 2351 fine
879 2291 951 2352 libri
985 2290 1016 2351 in
1048 2304 1135 2352 textu
1161 2290 1229 2352 finit
1270 2288 1491 2370 »pontificatus

224 2394 322 2454 nostri
348 2395 424 2455 anni
450 2395 587 2476 quarti«.

330 2499 419 2578 ltem,
444 2515 547 2563 textus
571 2503 649 2563 sexti
675 2503 747 2564 libri
773 2503 981 2565 decretalium
999 2504 1067 2565 sine
1089 2503 1200 2584 glosis,
1225 2517 1255 2563 et
1281 2501 1392 2582 incipit
1416 2519 1489 2560 cum

224 2605 350 2665 rubrica
378 2606 511 2688 »incipit
536 2608 617 2669 liber
640 2623 747 2670 sextus
772 2608 1013 2687 decretaliumc,
1043 2622 1074 2671 et
1099 2610 1130 2669 in
1155 2606 1218 2671 fine
1243 2608 1347 2690 prime
1372 2606 1488 2688 pagine

222 2710 353 2771 secundi
381 2710 449 2773 lolii
475 2711 544 2774 finit
573 2713 770 2774 »dummodo
795 2714 917 2793 locus«,
942 2715 1021 2776 etin
1039 2713 1101 2777 fine
1126 2715 1199 2776 libri
1225 2712 1294 2775 finit
1324 2712 1489 2794 »undique

226 2816 424 2881 confluunt«.

328 2925 417 3003 Item,
442 2926 523 2988 liber
541 2927 821 2990 Clementinorum
838 2948 911 2990 cum
927 2908 1027 3009 glosis
1045 2928 1084 2990 ad
1111 2929 1245 2991 modum
1259 2928 1487 3004 novissimum,

226 3044 256 3092 et
281 3032 392 3112 incipit
421 3033 601 3095 »lohannes
626 3036 828 3117 episcopus«,
864 3049 895 3096 et
919 3036 951 3096 in
984 3033 1046 3096 fine
1072 3036 1174 3117 prime
1212 3035 1329 3117 pagine
1354 3032 1486 3095 secundi

222 3136 291 3199 lolii
320 3136 389 3199 finit
426 3140 507 3201 »iam
531 3156 626 3222 sputu
659 3142 808 3219 emisso«,
844 3157 875 3202 et
911 3143 941 3203 in
969 3142 1031 3204 fine
1067 3142 1140 3203 libri
1167 3140 1236 3203 finit
1264 3139 1487 3223 »pontificatus

222 3244 324 3303 nostri
349 3264 434 3306 anno
458 3247 632 3309 secundoc.

328 3368 417 3448 ltem,
442 3386 548 3432 sextus
581 3370 862 3433 Clementinorum
899 3373 966 3433 sine
1002 3373 1112 3453 glosis,
1146 3387 1176 3434 et
1200 3373 1312 3456 incipit
1336 3392 1409 3434 cum
1434 3391 1485 3434 ru·

227 3477 313 3537 brica
342 3475 624 3539 ›Constituciones
640 3498 722 3539 nove
741 3477 979 3558 Clementine‹,
997 3493 1026 3541 et
1044 3480 1075 3540 in
1093 3477 1156 3541 fine
1174 3480 1245 3541 libri
1270 3479 1340 3541 finit
1360 3479 1486 3541 »irritus

224 3602 281 3643 nec
306 3584 407 3644 eciam
433 3584 635 3647 irritandus«.

327 3690 416 3767 Item,
442 3711 503 3750 una
517 3710 642 3751 summa
658 3691 833 3752 Reimundi
848 3692 888 3753 de
902 3693 1011 3774 pulcra
1028 3693 1119 3755 litera
1137 3693 1273 3774 glosata,
1289 3712 1352 3774 que
1370 3691 1482 3773 incipit

218 3795 253 3857 in
277 3811 363 3858 textu
393 3798 577 3878 »quoniam
603 3813 636 3858 ut
659 3800 702 3858 ait
727 3799 942 3877 Jeronimus·‚
968 3814 998 3861 et
1027 3800 1058 3861 in
1083 3799 1144 3861 fine
1169 3800 1271 3881 prime
1296 3799 1411 3880 pagine
1434 3817 1481 3859 se·

221 3903 319 3965 cundi
346 3902 415 3964 lolii
440 3902 509 3965 finit
549 3906 648 3965 »sicut
681 3925 738 3966 nec
770 3907 979 3984 transaccim,
1011 3921 1041 3968 et
1067 3907 1097 3967 in
1131 3904 1191 3967 fine
1216 3904 1289 3966 libri
1314 3903 1383 3965 finit
1409 3923 1483 3966 ›ex-

222 4011 552 4072 communicavimus«
580 4031 650 4072 cum
679 4013 802 4072 rubrica
829 4013 860 4072 in
885 4013 987 4094 nigre.

328 4134 416 4212 ltem,
441 4136 503 4196 alia
528 4156 652 4195 summa
680 4136 853 4197 Reimundi
888 4137 927 4197 de
952 4157 1048 4218 parva
1074 4137 1188 4213 littera,
1221 4151 1252 4197 et
1274 4137 1385 4218 incipit
1409 4155 1481 4198 cum

221 4242 346 4304 rubrica
375 4242 508 4324 »Incipit
533 4262 658 4303 summa
682 4243 823 4324 magistri
850 4244 1057 4321 Reimundi«,
1089 4258 1119 4305 et
1150 4244 1181 4304 in
1215 4242 1276 4305 fine
1302 4245 1403 4326 prime
1428 4265 1483 4328 pa·

220 4349 295 4429 gine
328 4348 460 4410 secundi
487 4347 555 4410 lolii
580 4347 648 4410 finit
685 4351 779 4411 »item
805 4350 870 4411 duo
895 4370 985 4412 casus
1015 4365 1088 4411 sunt
1120 4351 1152 4410 in
1178 4351 1296 4430 quibus
1326 4371 1399 4413 cum
1433 4370 1482 4413 ce·

218 4456 293 4518 teria
317 4457 387 4517 aliis
411 4456 574 4537 opusculis
599 4458 629 4516 in
655 4455 749 4520 fine«.

325 4580 414 4658 ltem,
438 4601 562 4642 summa
588 4580 754 4643 Gauilredi
772 4581 893 4663 pulcra,
918 4594 949 4642 et
966 4581 1077 4663 incipit
1101 4600 1173 4643 cum
1192 4582 1317 4643 rubrica
1347 4582 1481 4666 »Incipit

218 4705 343 4748 summa
369 4685 533 4748 Gaufiredi
557 4707 653 4770 super
677 4688 806 4749 titulum
831 4686 1074 4765 decretalium«,
1098 4701 1130 4749 et
1152 4687 1186 4750 in
1209 4685 1272 4749 fine
1296 4689 1398 4770 prime
1427 4708 1482 4773 pa·

217 4793 292 4878 gine
316 4794 448 4856 secundi
472 4792 542 4858 lolii
567 4790 638 4858 finit
661 4813 762 4875 »quos
786 4793 868 4857 deus
882 4792 1081 4872 coniunxit«,
1105 4792 1227 4859 babens
1243 4795 1275 4856 in
1298 4792 1363 4858 fine
1386 4814 1479 4859 casua
