3428 5256
366 576 519 647 (milirdo)
544 575 610 637 Noa
634 573 850 636 communitae
879 573 997 635 civium
1031 573 1169 634 civitatis
1200 588 1306 633 nostre
1333 573 1524 655 Montisgre·

261 683 373 746 cerruit.
400 682 555 745 Memorio
581 680 848 744 commendamur
872 695 983 742 tenore
1000 680 1201 762 presencium
1226 681 1383 740 universis
1407 681 1526 762 quibus

259 787 405 873 erpetllt;
430 787 517 871 quud
553 786 627 870 quia
661 806 720 849 nor
751 787 915 869 quoddam
949 787 1058 847 locum
1089 786 1250 847 desertum
1276 806 1374 868 penes
1398 801 1524 868 portam

260 907 399 959 nostram
425 894 584 977 lapideam
611 895 650 955 ab
676 893 768 970 intra,
797 912 894 972 penes
918 896 1030 953 turrim
1055 891 1198 953 ciusdem
1225 909 1314 974 porte
1334 893 1471 974 lapidee,
1492 895 1522 955 in

259 1000 426 1064 latitudine
459 1015 580 1084 reptem
603 1000 750 1061 ulnarum
771 998 955 1076 ferrearum,
981 999 1012 1059 in
1038 998 1240 1079 longitudine
1266 1019 1342 1061 vero
1366 1001 1519 1063 tredecim

260 1105 408 1170 ulnarum
434 1125 466 1169 re
491 1105 726 1182 extendentem,
753 1105 850 1166 simul
875 1124 946 1166 cum
972 1105 1123 1165 omnibus
1147 1105 1291 1166 ciusdem
1316 1106 1378 1167 loci
1403 1107 1523 1168 deserti

260 1211 459 1292 utilitatibue,
484 1211 615 1293 juribur,
641 1211 751 1273 usibus
775 1226 804 1273 et
830 1210 1034 1292 pertinenciis
1059 1211 1215 1272 universis
1232 1212 1380 1293 prudenti
1406 1227 1436 1274 et
1462 1213 1519 1275 ho·

261 1332 350 1382 nerto
376 1318 443 1381 viro
469 1318 621 1400 mapietro
648 1318 794 1379 Emerico
820 1317 945 1378 literato
970 1317 1009 1378 de
1039 1315 1155 1394 Crisi0,
1184 1319 1301 1378 seniori
1328 1317 1424 1397 judici
1443 1319 1520 1379 civi-

260 1425 330 1488 tatir
356 1424 474 1509 prelato
502 1444 558 1507 pro
584 1444 635 1486 aex
656 1424 722 1486 flor.
742 1423 947 1484 vendidimus
964 1437 994 1484 ct
1014 1423 1220 1500 contulimus,
1238 1426 1338 1486 immo
1363 1424 1523 1503 dedimus,

260 1529 454 1595 conferimur
480 1529 546 1611 jure
573 1544 727 1614 perpetuo
753 1545 782 1590 ct
808 1529 1060 1591 irrevocabiliter
1080 1532 1268 1607 tenendum,
1294 1531 1524 1612 possidendum

260 1636 375 1722 pariter
400 1652 430 1700 at
455 1635 651 1716 habendum,
676 1656 711 1698 ac
737 1637 821 1697 iuxtu
853 1636 1079 1697 condicionem
1114 1637 1250 1699 civitatis
1282 1654 1448 1720 prenotate
1485 1640 1524 1700 ab

260 1742 393 1827 antiquo
418 1742 658 1828 privilegialiter
683 1742 891 1825 approbatam
917 1743 1227 1824 quomodocumque
1252 1745 1390 1806 voluerit
1415 1746 1523 1826 dispo·

261 1848 414 1915 nendum.
442 1848 472 1912 ln
501 1849 590 1912 cuius
614 1850 657 1911 rei
685 1847 874 1911 memoriam
900 1868 935 1908 nc
961 1847 1141 1910 firmitatem
1168 1865 1354 1931 perpetuam
1380 1851 1523 1933 sigillum

261 1968 404 2021 noattum
431 1974 603 2018 commune
629 1955 781 2018 duximus
813 1955 1075 2036 appendendum.
1111 1955 1226 2016 Datum
1253 1955 1329 2018 feria
1356 1971 1467 2038 quarta
1493 1977 1524 2017 ιη

262 2061 403 2148 proferto
430 2060 668 2124 l‘urilicaciortir
696 2061 805 2124 Marie.
841 2066 935 2120 Anno
970 2061 1100 2121 Domini
1136 2063 1310 2123 millesimo
1335 2065 1525 2144 quingente·

261 2169 343 2232 almo
369 2168 477 2232 tercio.
