3428 5256
623 1322 754 1420 (nuno
782 1321 940 1410 nomint
966 1261 1100 1425 uun.)

237 1659 325 1735 ltem
355 1660 388 1734 in
418 1683 512 1735 anno
542 1659 685 1735 Domini
707 1660 895 1735 millesimo
921 1659 1212 1759 quingentesimo
1237 1659 1390 1747 decimo,
1411 1669 1501 1737 tem·

236 1806 327 1882 pore
354 1783 524 1858 videlicet
552 1785 667 1882 quarti
693 1783 876 1881 judicatus
895 1783 1081 1883 prudentis
1111 1791 1149 1858 et
1169 1784 1417 1884 circumspecti
1437 1785 1501 1859 viri

237 1903 422 1981 Michaelis
452 1906 548 2000 dicti,
568 1904 627 1980 filii
656 1905 835 1994 Anthonii,
862 1906 1022 1980 moderni
1046 1904 1177 2002 judicis
1197 1908 1322 1996 nostri,
1352 1929 1503 2006 presens

237 2030 447 2104 kathernum
496 2039 555 2105 est
590 2031 831 2130 conscriptum
871 2030 980 2104 modo
1018 2041 1057 2105 et
1094 2031 1219 2106 ordine
1253 2043 1360 2131 prout
1389 2042 1502 2130 patet,

291 2152 382 2228 feria
410 2163 516 2229 sexta
545 2153 578 2228 in
607 2153 774 2254 profesto
812 2154 921 2228 beate
960 2151 1170 2253 Margarete
1198 2153 1347 2253 virginis
1378 2165 1449 2230 etc.

788 2379 850 2441 (12.
876 2367 975 2442 julie).

346 2505 444 2579 Quod
469 2506 545 2587 quia
569 2506 819 2588 circumspectus
842 2505 891 2567 vir
912 2507 1038 2569 Marcus
1061 2507 1206 2591 Posegay
1222 2526 1258 2568 ac
1282 2505 1416 2569 domina
1441 2509 1504 2569 Do·

240 2611 349 2673 rothea
374 2630 506 2675 consors
529 2612 673 2674 eiusdem
699 2611 861 2694 quandam
894 2627 1011 2674 terram
1045 2612 1234 2674 eorumdem
1269 2611 1414 2695 Dusycza
1447 2633 1503 2675 vo·

239 2731 353 2796 catam,
367 2737 485 2780 novem
499 2719 600 2781 dietas
616 2719 698 2781 intra
711 2738 744 2780 se
757 2719 988 2796 continentem,
1006 2717 1132 2780 lossatis
1148 2718 1293 2800 undique
1310 2735 1505 2801 separatam,

242 2824 273 2885 in
298 2825 459 2887 territorio
484 2839 593 2887 nostro
629 2845 685 2887 seu
709 2824 847 2886 civitatis
879 2823 1012 2907 prefate,
1045 2825 1127 2886 inter
1158 2825 1225 2885 vies
1249 2843 1440 2886 communes
1464 2827 1505 2886 ab

240 2930 401 3009 orientali,
425 2951 482 3013 per
506 2950 603 3013 quam
629 2931 691 2992 itur
722 2950 833 2992 versus
865 2931 1051 3008 Zawum,a
1084 2930 1288 2992 meridionali
1315 2931 1396 2991 inter
1420 2931 1506 2992 viam

241 3055 304 3117 que
344 3037 464 3098 mediat
503 3038 586 3100 inter
624 3051 739 3098 terram
764 3035 928 3098 kalendiui
968 3033 1237 3098 confraternitatis
1276 3051 1421 3097 sutorum
1461 3038 1503 3097 si·

241 3142 360 3203 militer
391 3142 535 3226 Dosycza
568 3156 713 3204 vocatam
750 3155 781 3205 et
812 3142 1019 3224 prescriptam
1053 3156 1169 3203 terram
1195 3161 1285 3203 suam
1319 3142 1506 3204 existentem

241 3263 272 3311 et
296 3248 448 3327 habitem,
472 3251 512 3311 ab
537 3248 727 3311 occidentali
752 3261 849 3310 strata
873 3246 1003 3330 publica
1027 3268 1083 3330 per
1112 3267 1210 3328 quam
1236 3248 1298 3309 itur
1321 3247 1362 3308 ad
1387 3247 1507 3309 vadum

246 3355 396 3436 Regium,
410 3356 451 3416 ab
464 3355 644 3437 aquilonari
658 3374 735 3415 vero
749 3354 852 3436 plagis
868 3353 1007 3435 quedam
1022 3368 1103 3415 terre
1118 3353 1357 3434 Religiosorum
1375 3352 1507 3415 fratrum

243 3463 282 3524 de
307 3463 419 3523 ordine
445 3462 686 3524 Predicatorum
712 3461 743 3523 in
768 3461 965 3523 monasterio
990 3461 1073 3522 beati
1092 3460 1217 3522 Nicolai
1242 3459 1436 3523 confessoris
1453 3460 1506 3520 de-

241 3568 404 3649 gentium,
429 3568 535 3630 eidem
567 3583 650 3631 terre
683 3568 910 3645 vicinaremur,
941 3566 1038 3629 simul
1071 3586 1143 3628 cum
1176 3567 1329 3629 omnibus
1361 3566 1506 3628 eiusdem

245 3688 326 3735 terre
351 3674 556 3752 utilitatibus,
582 3675 703 3753 usibus,
727 3673 850 3754 juribus
867 3687 898 3735 et
922 3673 1128 3755 pertinenciis
1159 3672 1199 3734 ad
1220 3692 1307 3735 aram
1334 3672 1508 3734 duodecim

243 3780 464 3862 apostolorum
491 3782 521 3842 in
548 3781 680 3842 ecclesia
706 3794 813 3842 nostra
843 3779 1021 3862 parochiali
1053 3779 1137 3839 beati
1171 3778 1269 3839 Marci
1302 3777 1509 3859 ewangeliste

246 3885 410 3948 fundatam
424 3888 653 3969 perpetualiter
666 3907 724 3969 pro
739 3901 821 3951 certa
836 3905 961 3948 summa
981 3886 1189 3968 pecuniarum
1215 3884 1432 3946 vendiderunt
1442 3885 1509 3966 jure

245 4006 400 4074 perpetuo
426 3992 678 4075 possidendam3
703 3993 754 4054 cui
780 3993 852 4055 data
877 4006 924 4054 est
948 3992 1038 4053 litera
1064 3991 1285 4074 privilegialis.
