3428 5256
755 323 842 382 Αιηιο
865 333 953 400 1472.
1467 341 1486 401 9

227 533 389 614 Georgius
413 553 472 616 pro
497 547 635 614 quatuor
648 531 717 595 flor.
735 534 815 610 auri,
832 547 996 613 tamquam
1017 531 1176 613 propriori
1194 531 1301 593 vicino
1325 531 1489 608 vendidit;

226 641 299 702 ideo
325 640 397 701 data
431 653 478 702 est
510 639 615 700 eidem
650 639 739 701 litera
772 641 831 700 sub
866 639 974 719 sigillo
1009 638 1092 699 dicte
1124 639 1364 699 communitatis
1389 653 1418 699 ct
1443 652 1489 700 est

225 761 383 810 emanata.

335 852 433 926 Quod
458 852 532 933 quia
551 851 705 912 discretus
721 852 769 912 vir
785 851 937 912 dominus
951 851 1073 932 Symon
1085 851 1240 933 presbiter
1264 850 1349 912 filius
1373 852 1489 912 Valen-

223 958 281 1019 tini
307 956 523 1040 Sesthnchych
548 956 624 1017 dicti
649 956 688 1016 de
722 956 866 1034 Roicha,
898 956 977 1016 alias
1011 956 1197 1038 capellanus
1223 957 1356 1018 ecclesie
1382 971 1489 1018 nostre

224 1062 323 1124 sancti
350 1062 447 1123 Marci
473 1061 690 1141 ewangeliste,
714 1061 861 1122 vendidit
884 1061 1037 1122 directam
1063 1074 1093 1123 et
1110 1062 1259 1142 equalem
1284 1061 1487 1123 medietatem

224 1166 391 1230 cuiusdam
415 1167 509 1228 vinee
533 1186 589 1229 sue
615 1167 645 1227 in
670 1167 831 1228 territorio
863 1167 946 1227 dicte
979 1167 1118 1228 civitatis
1150 1186 1248 1249 penes
1271 1167 1398 1228 vineam
1423 1172 1488 1227 An·

223 1273 327 1335 thonii
352 1273 468 1335 sutoris
491 1273 599 1354 generi
626 1272 762 1333 condam
791 1273 950 1333 Dominici
970 1273 1083 1332 Kostes
1111 1271 1186 1334 dicti
1206 1273 1283 1334 olim
1302 1273 1379 1333 civis
1404 1273 1488 1334 dicte

224 1378 372 1456 civitatis,
405 1398 421 1439 a
454 1378 683 1459 septemtrione
716 1377 877 1454 habitam,
909 1377 1000 1438 cuius
1034 1378 1125 1439 vinee
1158 1378 1252 1438 aliam
1284 1379 1488 1439 medietatem

224 1483 392 1566 Philippus
416 1497 504 1546 sutor
530 1483 648 1565 Dudey
674 1483 786 1561 dictus,
820 1485 860 1543 ab
893 1483 1006 1544 eodem
1041 1483 1175 1544 domino
1201 1482 1344 1565 Symone
1368 1483 1484 1565 presbi-

224 1604 292 1650 tero
316 1589 496 1671 empcionis
520 1589 615 1650 titulo
641 1589 815 1650 literatorie
849 1588 929 1650 alter
954 1589 1078 1650 vicinus
1112 1589 1289 1649 dinoscitur
1313 1587 1489 1670 possidere,

225 1695 331 1757 eidem
356 1695 523 1756 Anthonio
547 1695 644 1755 sutori
672 1695 830 1778 Kustesyn
857 1695 1001 1756 vendidit
1025 1714 1083 1776 pro
1112 1695 1214 1755 tribus
1237 1694 1307 1756 flor.
1333 1695 1413 1772 auri,
1437 1695 1488 1756 cui

225 1802 297 1862 dsta
322 1816 369 1863 est
394 1802 484 1863 litera
510 1801 721 1883 privilegialis
745 1802 804 1861 sub
828 1801 935 1882 sigillo
960 1801 1043 1862 dicte
1068 1802 1318 1863 communitatis.

330 1907 429 1981 Quod
454 1908 530 1989 quia
556 1908 614 1967 viri
647 1907 773 1988 providi
807 1920 837 1967 et
870 1906 1111 1988 circumspecti,
1145 1907 1304 1989 primum:
1329 1907 1490 1968 lohannes

226 2013 342 2075 Bolsalt
367 2011 452 2074 filius
477 2014 614 2090 Nicolai,
640 2013 671 2072 in
689 2031 806 2074 novem
833 2026 864 2073 et
888 2013 996 2073 medio
1014 2011 1083 2074 flor.
1101 2013 1182 2089 auri,
1199 2032 1234 2073 ac
1253 2013 1377 2074 Blasius
1394 2014 1487 2096 Ztoy·

224 2117 352 2202 mylych
385 2118 490 2180 dictus
524 2121 554 2179 in
591 2118 836 2199 quatuordecim
873 2116 971 2180 luntis
1003 2119 1208 2180 denariorum
1241 2120 1489 2199 viennensium,

223 2225 365 2286 seniores
385 2224 534 2285 videlicet
551 2223 672 2304 judices
689 2238 719 2285 et
736 2225 885 2285 concives
902 2224 1012 2302 nostri,
1031 2225 1134 2285 virum
1153 2226 1290 2286 condam
1315 2226 1487 2307 providum

223 2342 252 2390 et
269 2330 438 2391 honesturn
458 2330 649 2392 Michaelem
676 2330 936 2391 Mothonhawser
953 2328 1056 2391 filiurn
1078 2330 1175 2391 Vlrici
1194 2330 1233 2392 de
1259 2330 1381 2409 Wslse,
1405 2332 1484 2392 olim

223 2436 389 2497 concivem
415 2450 572 2514 nostrum,
597 2437 629 2496 in
654 2436 728 2496 sede
761 2450 867 2497 nostra
900 2435 1066 2514 judiciaria
1099 2457 1134 2498 ac
1164 2436 1352 2516 juramentis
1376 2456 1489 2497 eorum

224 2540 441 2603 mediantibus
466 2542 511 2602 eis
535 2561 591 2623 per
616 2562 674 2603 nos
698 2541 889 2623 adjudicatis
913 2556 944 2603 et
969 2562 1024 2624 per
1049 2562 1104 2604 eos
1128 2544 1281 2625 prestitis,
1307 2543 1486 2604 debitorem

225 2648 369 2729 ipsorum
393 2645 588 2709 sufficienter
605 2649 856 2730 comprobarunt
873 2668 981 2710 coram
999 2649 1101 2711 nobis.
1129 2649 1329 2730 Quiquidem
1349 2649 1486 2710 Michael

224 2753 486 2815 Mothonhawser
510 2754 548 2814 ad
568 2774 698 2835 presens
727 2768 872 2815 mortuus
883 2754 950 2816 fore
968 2755 1164 2837 perhibetur,
1188 2772 1218 2817 et
1243 2756 1318 2836 quis
1343 2754 1485 2837 prelatus

224 2860 363 2921 condam
388 2860 524 2921 Michael
544 2860 805 2921 Mothonhawser
822 2861 862 2922 de
879 2862 1021 2942 quodam
1047 2861 1147 2923 fundo
1164 2882 1223 2923 suo
1241 2863 1326 2923 civili
1353 2863 1384 2923 in
1403 2862 1488 2924 dicta

225 2967 351 3027 civitate
369 2985 468 3048 prope
486 2967 656 3047 portellam
676 2980 886 3048 campestrem
905 2966 1024 3048 prefate
1042 2967 1179 3029 civitatis
1196 2982 1227 3029 et
1245 2969 1325 3028 inter
1343 2968 1489 3045 domum,

225 3070 427 3151 fundumque
452 3084 483 3132 et
506 3069 653 3131 hedificia
679 3071 812 3133 ecclesie
829 3091 885 3132 seu
922 3073 1107 3133 monasterii
1141 3074 1224 3134 beati
1257 3074 1383 3134 Nicolai
1409 3093 1485 3134 con-

225 3177 353 3239 fessoris
377 3177 499 3238 ordinis
532 3177 774 3238 Predicatorum
807 3192 838 3238 et
870 3176 1002 3238 fratrum
1036 3178 1067 3238 in
1101 3178 1215 3240 eodem
1251 3199 1308 3260 pro
1344 3193 1489 3261 tempore

226 3283 429 3363 degencium,
453 3303 489 3344 sc
514 3302 641 3344 murum
662 3284 745 3344 dicte
763 3284 912 3361 civitatis,
937 3298 968 3345 et
987 3285 1068 3345 inter
1093 3285 1160 3345 vias
1183 3304 1239 3346 seu
1264 3285 1386 3367 plateas
1403 3304 1488 3346 com·

226 3409 341 3452 munes
364 3389 509 3451 habitum
535 3405 565 3450 et
589 3391 789 3467 existentem,
814 3404 953 3472 quatuor
985 3392 1088 3452 curias
1120 3391 1159 3452 ad
1185 3410 1277 3452 usum
1304 3391 1386 3452 dicte
1412 3391 1488 3452 civi·

226 3496 298 3558 tatis
323 3496 354 3557 in
379 3516 413 3557 se
437 3497 669 3572 continentem,
692 3517 709 3556 a
735 3498 881 3578 pluribus
906 3497 1089 3578 retrolapsis
1117 3498 1318 3579 temporibus
1342 3511 1405 3558 tam
1432 3497 1489 3558 do·

227 3603 305 3664 mini
331 3603 429 3664 nostri
454 3603 547 3683 regis,
573 3622 669 3684 quam
688 3604 788 3664 eciam
811 3603 949 3664 aliorum
967 3604 1174 3664 dominorum
1194 3618 1376 3664 nostrorum
1394 3623 1490 3685 super

226 3729 285 3771 nos
309 3728 367 3792 pro
391 3723 537 3791 tempore
562 3710 821 3787 constitutorum,
846 3711 947 3787 dacia,
975 3724 1127 3790 rarasque
1153 3724 1277 3771 nostras
1300 3729 1490 3771 communes

226 3835 282 3877 seu
305 3815 457 3878 collectas
472 3836 508 3877 ac
525 3816 713 3896 vigilaturas
730 3831 760 3878 et
775 3817 838 3877 alia
856 3816 963 3877 debita
981 3830 1012 3877 et
1028 3831 1210 3898 opportuna
1228 3817 1361 3877 servicia
1380 3832 1487 3878 nostra

226 3922 411 3987 communis
450 3922 612 3983 ordinaria
644 3923 702 4004 ipsi
735 3922 868 3984 domino
901 3937 1010 3984 nostro
1040 3924 1106 4003 regi
1140 3923 1280 4004 primum
1305 3937 1335 3983 et
1360 3923 1488 3983 tandem

227 4026 357 4110 prelatis
381 4028 522 4089 dominis
546 4029 662 4089 nostris
686 4048 744 4110 pro
768 4043 913 4111 tempore
938 4049 1034 4111 super
1069 4049 1128 4090 nos
1152 4029 1342 4107 constitutis,
1367 4044 1397 4090 et
1421 4043 1490 4090 tan·

226 4133 299 4195 dem
325 4134 424 4195 nostri
450 4134 482 4194 in
508 4133 650 4195 medium
677 4136 848 4215 provenire
866 4135 1032 4213 debencia,
1058 4134 1224 4216 hucusque
1250 4151 1279 4196 et
1305 4136 1336 4196 in
1362 4134 1489 4196 hodier-

226 4260 302 4302 num
328 4240 412 4302 diem
439 4241 572 4302 minime
596 4240 778 4322 persolvere
803 4254 833 4303 et
855 4241 982 4323 explere
1015 4243 1137 4304 curavit
1164 4242 1271 4323 sepius
1296 4241 1437 4302 monitus
1461 4257 1491 4302 et

226 4348 258 4408 in
284 4345 354 4408 loro
379 4362 488 4408 nostro
513 4348 677 4408 communi
702 4347 743 4408 sd
767 4348 1015 4429 persolvendum
1034 4363 1096 4409 tsm
1120 4348 1232 4408 eadem
1259 4348 1367 4409 debita
1392 4367 1487 4428 quarn

226 4467 257 4516 et
281 4453 365 4536 ipsas
388 4467 476 4515 taxas
507 4468 537 4515 et
569 4454 631 4514 alia
663 4455 796 4515 servicia
829 4468 935 4515 nostra
968 4455 1164 4530 communia,
1185 4454 1312 4535 explere
1345 4454 1489 4528 curavit;

226 4560 364 4641 ideoque
389 4579 448 4620 nos
472 4560 661 4642 premissum
688 4559 821 4621 fundum
850 4561 947 4643 ipsius
971 4562 1108 4622 condam
1144 4560 1311 4622 Michaelis
1337 4559 1486 4621 Mothon·

227 4665 352 4746 houset,
377 4667 409 4727 in
434 4667 597 4728 vicinitate
613 4666 843 4749 predictorum,
865 4666 989 4749 prelato
1008 4667 1115 4729 Blasio
1132 4666 1345 4750 Ztoymylych
1371 4666 1489 4727 seniori

226 4770 323 4861 judici
349 4786 381 4840 et
404 4773 530 4839 concivi
548 4788 668 4857 nostro,
690 4787 757 4836 tum
776 4793 834 4864 pro
859 4773 1013 4861 premisso
1035 4793 1094 4841 suo
1111 4773 1221 4838 debito
1246 4771 1484 4854 quatuordecir‘
