3428 5256
223 274 286 335 280
790 272 939 333 Rationes.

327 484 406 548 Item
437 483 521 548 Iwan
555 481 711 545 Horwath
744 484 892 544 miseram
933 482 1014 543 clrca
1047 481 1229 544 Iohannem
1261 483 1431 546 Horwath
1467 487 1512 548 ad

225 591 340 674 Okych
366 605 397 652 et
428 591 613 666 owowcz,
638 588 712 650 dedi
738 588 842 649 eidem
864 607 1094 669 expensas...
1119 588 1168 649 sol
1203 585 1301 651 XXV.

328 697 451 759 Ibidem
476 696 665 776 Zagrabiam
690 695 845 776 tripartite
870 707 1024 756 venerant
1056 695 1224 757 recordare
1248 696 1357 777 ipsum
1383 696 1506 760 domi·

198 823 299 890 ¹num
325 802 557 864 waradiensem
583 799 734 862 videlicet
757 799 945 882 procedens,
969 799 1108 861 scolares
1133 814 1165 862 et
1186 813 1370 879 succentor,
1395 815 1432 863 et
1460 824 1505 864 ne

222 930 279 992 per
303 909 433 971 eosdem
459 908 526 989 ipse
558 907 710 968 dominus
744 905 964 987 impediretur,
997 904 1072 967 dedi
1097 906 1129 968 in
1160 919 1229 969 toto
1258 907 1416 969 omnibus
1437 957 1445 970 .
1466 958 1502 973 ..

222 1016 281 1078 sol.
307 1012 385 1078 LVI.

327 1120 405 1181 Item
430 1119 462 1180 in
487 1120 596 1181 eundo
620 1137 692 1180 cum
718 1118 788 1200 ipso
821 1119 956 1181 domino
981 1118 1170 1181 waradiensi
1203 1131 1233 1180 et
1258 1118 1290 1179 in
1315 1117 1497 1183 reduendo

221 1247 280 1309 pro
302 1239 369 1289 tota
394 1224 516 1287 familia
542 1227 610 1286 eins
634 1225 743 1305 etqui
770 1244 895 1286 mecum
921 1223 1052 1286 fuerunt
1074 1225 1107 1286 in
1132 1223 1216 1285 vado
1240 1223 1327 1285 Zawi
1352 1225 1499 1292 solvi

220 1332 278 1397 sol.
307 1333 342 1395 L.

326 1436 403 1499 Item
439 1437 587 1498 miseram
621 1436 801 1497 Johannem
833 1436 871 1496 de
904 1435 1083 1499 Zalathnok
1114 1456 1187 1498 cum
1218 1433 1304 1498 Iwan
1329 1435 1497 1500 Horwath

222 1563 295 1605 cum
321 1563 415 1605 curru
438 1543 584 1605 eiusdem
608 1541 734 1604 domini
759 1541 967 1604 waradiensis
984 1562 1087 1624 usque
1111 1542 1322 1620 Modrusiam,
1346 1541 1425 1604 dedi
1444 1545 1495 1605 eis

221 1649 261 1711 ad
286 1669 510 1730 expensas...
544 1647 603 1712 sol.
627 1649 662 1711 L.

327 1754 360 1814 In
386 1755 437 1815 die
462 1754 562 1815 sancti
587 1753 724 1834 Spiritus
748 1767 779 1813 et
811 1752 890 1815 feria
921 1754 1062 1815 secunda
1087 1767 1118 1815 et
1148 1755 1250 1816 eclam
1276 1755 1307 1816 In
1332 1755 1384 1816 via
1410 1755 1492 1819 dedi

221 1861 416 1941 pauperibus
440 1880 498 1943 pro
522 1860 699 1921 elemosina
717 1907 722 1919 .
742 1907 773 1922 ..
796 1859 856 1923 sol.
881 1857 1019 1924 XLVIII.

325 1965 404 2029 Item
429 1968 581 2049 magistro
607 1967 701 2028 Petro
718 1965 920 2029 fenestratori
938 1968 1093 2048 Zagrabie
1111 1967 1184 2030 dedi
1211 1987 1270 2050 pro
1293 1968 1494 2034 serviciis...

221 2074 280 2137 sol.
311 2073 345 2138 1⁰.

328 2179 406 2242 Item
442 2181 474 2241 in
506 2179 704 2241 ambulando
741 2179 930 2240 aDombro
966 2199 1067 2261 usque
1101 2178 1275 2241 owowcz
1307 2193 1337 2242 et
1368 2179 1492 2244 deinde

222 2305 323 2366 usque
348 2286 388 2347 ad
413 2286 546 2348 domum
571 2285 612 2347 ad
635 2286 746 2346 vinum
772 2299 803 2346 et
826 2285 866 2345 ad
898 2284 960 2346 alia
986 2285 1162 2346 necessaria
1188 2284 1401 2347 familiaribus
1426 2286 1486 2348 do-

223 2392 302 2452 mini
328 2392 359 2451 in
385 2392 435 2452 via
460 2392 666 2474 exposui...
690 2391 750 2456 sol.
776 2388 823 2453 110.

327 2511 405 2575 Item
431 2513 509 2576 feria
541 2516 638 2577 tercia
671 2530 743 2598 post
773 2513 889 2576 festum
920 2515 1147 2577 penthecostes
1172 2513 1310 2576 Chasme
1335 2513 1486 2577 distribui

222 2620 441 2702 pauperibus.
459 2670 465 2683 .
483 2670 489 2683 .
513 2622 572 2684 sol.
596 2619 673 2686 XIII.

327 2724 448 2787 Ibidem
473 2723 552 2789 seria
587 2741 698 2808 quarta
731 2727 793 2788 emi
827 2727 929 2809 pisces
962 2746 1020 2808 pro
1052 2745 1163 2787 mensa
1188 2723 1403 2786 familiaribus
1426 2726 1487 2787 do·

222 2832 376 2895 mini...
401 2831 460 2893 sol.
485 2830 566 2895 XXI.

329 2937 453 2999 Eodem
479 2938 530 2999 die
555 2939 618 2999 emi
637 2939 737 3020 pisces
761 2939 863 3016 vivos,
880 2957 963 3019 quos
983 2939 1055 3000 misi
1072 2938 1111 3000 ad
1130 2939 1285 3021 piscinam
1304 2959 1489 3021 parvam...

223 3044 282 3106 sol.
305 3041 372 3108 XX.

328 3148 405 3211 Item
430 3152 505 3232 quia
531 3150 693 3212 lohannes
717 3149 756 3210 de
782 3148 962 3211 Gedrowcz
986 3151 1025 3211 ad
1050 3151 1284 3214 attendendum
1309 3150 1487 3215 adventum

223 3255 347 3317 domIni
374 3257 578 3318 waradiensis
604 3258 634 3317 in
660 3257 797 3339 propriis
814 3258 961 3338 expensis
979 3257 1078 3339 ipsius
1096 3258 1294 3339 ambulabat,
1319 3259 1393 3320 ideo
1410 3257 1487 3321 dedi

223 3361 326 3425 ei...
350 3360 409 3422 sol.
433 3360 531 3425 XXV.

327 3464 405 3528 Item
430 3467 508 3530 lesia
540 3482 627 3529 sexta
659 3481 733 3529 ante
766 3466 882 3530 festum
916 3484 1024 3532 sancte
1057 3471 1228 3533 Trinitatis
1251 3471 1358 3532 remisi
1384 3471 1486 3533 Bene·

224 3573 344 3634 dictum
371 3573 410 3633 de
436 3574 634 3636 Fodorowcz
659 3575 740 3636 clrca
773 3574 957 3654 dominum,
982 3591 1012 3638 et
1036 3575 1076 3638 ad
1101 3596 1255 3658 expensas
1280 3577 1353 3638 dedi
1379 3578 1406 3638 ei
1426 3624 1432 3639 .
1452 3625 1485 3641 ..

222 3679 280 3743 sol.
303 3676 402 3741 XXV.

329 3783 407 3846 Item
433 3784 570 3846 Nicolao
595 3786 703 3864 surdo,
728 3788 864 3867 agazoni
899 3787 1036 3867 domini,
1067 3786 1141 3847 dedi
1168 3806 1225 3867 pro
1249 3789 1390 3850 serviciis
1415 3837 1421 3850 .
1447 3839 1453 3850 .
1480 3837 1487 3851 .

224 3891 282 3952 sol.
307 3888 374 3954 XL.

329 3995 407 4058 Item
433 3998 464 4057 ln
483 3995 563 4080 festo
581 4012 688 4060 sancte
706 3999 876 4060 Trinitatis
892 3997 1040 4061 distribui
1058 3998 1277 4080 pauperibus.
1295 4047 1300 4060 .
1318 4048 1324 4062 .
1348 3999 1406 4062 sol.
1421 3997 1487 4064 XII.

328 4100 406 4164 Item
432 4102 509 4164 feria
542 4104 682 4166 secunda
714 4106 778 4166 emi
812 4105 877 4167 duo
905 4105 986 4166 vitra
1018 4123 1133 4186 magna
1158 4123 1216 4187 pro
1241 4108 1390 4186 aquavite
1416 4157 1421 4168 .
1449 4156 1487 4170 ..

223 4209 282 4271 sol.
306 4207 355 4272 VI.

329 4313 406 4377 Item
432 4316 505 4377 dedi
530 4316 570 4376 ad
594 4317 763 4379 emendam
787 4318 883 4380 telam
909 4337 966 4400 pro
979 4318 1053 4401 jopa
1071 4318 1223 4401 Stephani
1249 4319 1486 4385 bacalaurei...

223 4421 282 4484 sol.
306 4418 370 4484 XII.

328 4525 404 4589 Item
431 4528 509 4591 feria
533 4531 629 4591 tercia
649 4530 720 4591 misi
746 4531 934 4612 Zagrabiam
953 4531 1108 4614 lapicidas
1130 4546 1162 4593 et
1179 4531 1323 4594 Barnabe
1347 4531 1486 4615 lapicida

223 4634 299 4696 dedi
317 4682 324 4697 .
343 4684 373 4698 ..
398 4637 456 4698 sol.
481 4634 527 4699 11⁰.

332 4742 433 4804 Paulo
458 4743 595 4825 lapicide
613 4791 619 4805 .
636 4791 667 4806 ..
690 4742 749 4806 sol.
770 4740 806 4808 1⁰.
