3428 5256
802 342 954 407 Raram
1440 345 1502 428 269

340 558 420 623 Item
448 560 480 621 in
506 559 695 643 progiaw
720 560 783 621 emi
816 559 927 620 vinum
953 557 1089 619 domino
1115 556 1399 620 Reverendisaimo
1426 609 1432 620 .
1460 607 1465 618 .
1494 611 1499 621 .

236 666 295 729 sol.
321 665 433 731 xxv1.

339 771 418 836 Item
454 793 510 858 per
544 786 690 856 tempora
730 771 940 855 precedencia
976 770 1016 832 ad
1045 769 1203 855 parandas
1238 784 1326 832 cutes
1361 773 1424 833 emi
1456 775 1497 834 ab

236 879 365 962 Andrys
380 879 533 942 aluminis
549 878 656 941 funtas
672 893 812 961 quatuor
828 898 887 960 pro
905 896 971 960 quo
988 877 1069 939 solvi
1088 876 1193 939 eidem
1213 926 1219 940 .
1239 931 1242 934 .
1264 925 1270 939 .
1296 877 1354 940 sol.
1372 876 1500 942 XXXii.

340 988 390 1049 Ab
415 987 529 1050 eodem
556 988 619 1050 emi
637 987 765 1049 Andres
790 985 926 1068 pixidsri
951 985 1064 1046 subam
1083 1032 1089 1045 .
1109 1034 1114 1046 .
1134 1032 1141 1045 .
1163 984 1222 1046 soi.
1251 983 1287 1049 1⁰.

339 1093 476 1156 Nicolso
500 1112 600 1176 parvo
621 1096 736 1155 subam
754 1144 759 1156 .
780 1143 784 1152 .
804 1142 811 1155 .
834 1091 894 1156 sol.
921 1091 957 1153 L.

339 1200 475 1262 Nicoiao
500 1200 599 1283 Nyari
623 1201 737 1261 subam
756 1250 761 1261 .
782 1247 812 1261 ..
838 1198 897 1262 sol.
924 1198 959 1260 L.

337 1303 416 1369 Item
441 1305 529 1369 fratri
554 1306 685 1370 Matheo
709 1306 749 1368 de
768 1306 858 1368 Nitra
883 1304 922 1367 de
947 1324 1055 1388 panno
1080 1302 1217 1385 simplici
1241 1323 1299 1386 pro
1324 1305 1423 1366 iuccis
1441 1355 1447 1367 .
1466 1355 1496 1367 ..

232 1410 291 1472 sol.
322 1410 449 1475 XXXII.

338 1517 500 1581 Scrinium
526 1539 583 1602 pro
608 1520 787 1584 literis...
811 1519 870 1582 sol.
895 1516 943 1582 111.

338 1624 415 1687 item
440 1626 504 1688 olei
529 1645 626 1688 unam
651 1625 776 1689 funtsm
800 1645 858 1709 pro
883 1645 1072 1687 mensa...
1097 1623 1157 1689 sol.
1182 1621 1231 1688 Vl.

336 1728 414 1793 ltem
440 1751 498 1812 pro
522 1733 672 1815 parandis
700 1733 851 1816 candelis,
877 1751 958 1814 quus
975 1729 1076 1794 eciam
1095 1743 1249 1811 ceperunt
1264 1749 1338 1792 cum
1363 1731 1498 1794 domino

233 1851 264 1897 et
292 1835 430 1899 Chasme
456 1852 684 1921 exposuerunt,
711 1840 774 1901 emi
799 1857 988 1921 sepum...
1012 1836 1072 1901 sol.
1095 1833 1129 1899 1⁶.

335 1941 413 2006 Item
438 1944 516 2007 dum
542 1945 694 2007 dominus
718 1945 1017 2008 Reverendissimus
1042 1941 1195 2024 processit
1220 1942 1408 2022 Zagrsbiam
1433 1945 1496 2006 emi

230 2049 332 2130 pisces
355 2050 395 2112 ds
420 2051 529 2130 Zawo,
554 2072 636 2134 quos
660 2053 732 2114 misi
762 2051 951 2133 ngrabiam
971 2099 976 2111 .
996 2098 1027 2111 ..
1052 2047 1110 2110 sol.
1133 2045 1192 2109 1110.

337 2153 416 2219 Item
431 2158 463 2219 in
477 2159 587 2240 vigilis
601 2159 783 2221 Natiuitatis
793 2159 926 2221 Domini
936 2156 1010 2220 dedi
1026 2153 1176 2236 Philippo
1194 2174 1365 2235 magno...
1379 2157 1438 2219 sol.
1458 2158 1493 2223 L.

340 2263 412 2325 Emi
436 2265 539 2347 pisces
562 2285 621 2348 pro
646 2265 858 2348 prandio...
884 2265 942 2327 soi.
965 2261 1073 2326 XVlil.

338 2368 416 2432 Item
441 2371 570 2433 Andree
602 2372 738 2454 pixidsri
771 2371 928 2433 dedi...
952 2371 1011 2432 sol.
1037 2369 1072 2434 1⁶.

339 2475 477 2538 iohanni
502 2496 632 2556 magno,
656 2478 725 2540 seni
744 2526 750 2537 .
770 2525 801 2539 ..
826 2477 886 2541 sol.
911 2475 946 2539 1⁶.

336 2581 500 2665 Stephano
525 2583 734 2645 baccalaureo
752 2631 757 2642 .
778 2633 784 2645 .
806 2632 811 2642 .
835 2584 895 2646 sol.
920 2581 955 2644 1⁰.

337 2688 501 2750 Bernardo
545 2738 577 2751 ..
602 2688 661 2751 sol.
687 2689 722 2753 L.

334 2795 469 2857 Nicolao
492 2795 532 2857 ds
557 2796 644 2880 Nyar
661 2845 667 2858 .
686 2843 719 2859 ..
745 2795 803 2860 sol.
827 2794 912 2858 XVl.

335 2899 494 2983 Gregorio
517 2902 653 2984 pixidsri
672 2952 677 2962 .
697 2951 729 2966 ..
754 2903 811 2966 sol.
837 2902 872 2964 L.

334 3007 483 3069 Michaeli
509 3008 644 3089 agazoni
664 3062 667 3068 .
688 3054 721 3071 ..
746 3008 805 3071 sol.
831 3007 931 3070 XXV.

337 3114 437 3176 Paulo
462 3115 620 3196 agazoni.
642 3163 672 3176 ..
698 3115 757 3178 sol.
783 3112 912 3176 XXXli.

336 3220 397 3281 Pro
423 3220 554 3305 Petrycz
572 3271 578 3283 .
596 3271 627 3284 ..
653 3222 711 3283 soi.
731 3219 860 3283 XXXII.

335 3326 428 3388 Petro
453 3328 625 3409 armipari.
644 3378 677 3390 ..
702 3329 761 3389 soi.
787 3327 822 3391 L.

334 3432 564 3496 Bartholomeo
589 3434 772 3515 pistori...
795 3433 854 3496 sol.
882 3432 980 3495 XXV.

334 3539 470 3601 Nicoiso
493 3539 705 3622 parvulo...
738 3539 797 3602 sol.
822 3536 859 3602 X.

333 3645 443 3706 Turco
468 3647 602 3727 agazoni
621 3696 626 3707 .
646 3699 650 3706 .
672 3697 678 3707 .
703 3647 761 3709 sol.
787 3644 824 3710 X.

333 3748 477 3813 Gabrieli
503 3771 602 3835 parvo
621 3801 627 3813 .
649 3804 679 3814 ..
705 3752 764 3817 sol.
789 3750 840 3815 Vi.

332 3857 470 3920 iohanni
496 3859 732 3941 clavigero...
757 3860 816 3921 soi.
842 3856 894 3921 VI.

331 3961 407 4025 item
434 3984 574 4026 emeram
600 3966 663 4027 mei
689 3985 747 4048 pro
772 3966 858 4027 curia
877 4014 883 4026 .
901 4013 934 4027 ..
965 3966 1025 4027 sol.
1050 3965 1117 4029 Xil.

329 4069 406 4132 Item
436 4072 468 4132 in
493 4072 574 4134 festo
599 4074 683 4135 beati
699 4071 853 4154 Stephani
879 4073 1077 4154 pauperibus
1094 4072 1241 4135 distribui
1260 4123 1266 4136 .
1284 4124 1289 4135 .
1309 4122 1317 4137 .
1342 4076 1401 4137 sol.
1418 4074 1485 4138 Xil.

330 4175 408 4239 item
435 4179 466 4239 in
492 4178 573 4257 festo
597 4180 681 4241 beati
716 4180 871 4241 iohannis
903 4179 975 4239 misi
1001 4180 1103 4261 pisces
1135 4180 1271 4243 domino
1295 4181 1485 4263 Zagrabism

223 4301 307 4364 quos
330 4285 393 4345 emi
411 4333 419 4346 .
439 4333 471 4347 ..
497 4286 556 4348 sol.
583 4283 707 4350 LXXll.

330 4387 489 4471 Gregorio
515 4391 658 4453 Bradacb
692 4390 803 4453 curiali
836 4392 1015 4453 chasmsnsi
1041 4411 1077 4452 ex
1109 4393 1337 4455 commissione
1362 4394 1486 4456 domini

222 4494 262 4555 ad
287 4495 401 4556 subam
426 4497 579 4560 dedi...
603 4498 662 4562 sol.
687 4497 752 4562 vls.

327 4598 406 4662 Item
424 4603 464 4663 ad
483 4601 641 4667 Gemiech
659 4624 716 4687 per
728 4604 939 4667 castellanum
954 4605 1032 4667 Jane
1051 4604 1196 4667 Bohsmo
1214 4606 1285 4666 misi
1305 4655 1311 4667 .
1330 4657 1337 4668 .
1354 4607 1430 4668 ,soi
1450 4605 1484 4668 1⁰.

328 4705 406 4770 Item
432 4709 463 4771 in
489 4708 570 4772 festo
592 4726 776 4775 sanctorum
801 4710 1013 4774 innocentum
1038 4712 1234 4794 pauperibus
1257 4713 1483 4775 distribui...

221 4813 282 4881 sol.
306 4812 344 4879 X.
