3428 5256
234 304 297 382 316
804 304 953 364 Rationes.

340 517 418 578 ltem
443 516 523 579 feria
545 531 633 580 sexta
657 531 730 578 ante
761 514 878 578 festum
912 517 1079 577 beatorum
1105 515 1253 578 Geruasii
1285 531 1316 580 et
1341 518 1513 581 Prothasii

232 624 347 685 iterum
373 623 525 704 predictis
549 623 663 703 viginti
689 623 816 684 duobus
841 621 1029 683 hominibus
1046 622 1170 703 lapides
1194 619 1420 704 frangentibus
1445 646 1512 708 per

232 731 301 792 dles
324 752 388 810 sex,
413 750 551 814 quorum
569 729 708 811 quilibet
725 729 838 790 habuit
861 749 917 811 per
934 728 1002 791 flor.
1022 729 1177 808 medium,
1196 729 1270 791 facit
1287 778 1294 794 .
1310 780 1317 794 .
1333 779 1341 794 .
1358 730 1430 795 flor.
1448 730 1507 796 XI.

338 856 414 917 Item
440 856 586 918 Andreas
610 854 762 937 predialis
786 873 881 937 super
898 854 1079 916 attencione
1104 854 1216 916 babuit
1240 856 1272 917 in
1297 856 1505 922 eisdem...

232 962 303 1025 den.
338 961 402 1025 LX.

340 1069 417 1131 Item
452 1067 528 1130 feria
563 1085 674 1150 quarta
707 1068 738 1129 in
772 1067 853 1130 festo
887 1067 1222 1130 Commemorationis
1257 1069 1356 1130 sancti
1392 1069 1504 1149 Pauli,

235 1175 409 1237 Benedicto
435 1174 525 1237 fabro
550 1175 581 1236 in
607 1175 735 1236 civitate
761 1193 818 1257 pro
843 1172 1078 1236 reformacione
1095 1188 1234 1256 quatuor
1259 1175 1443 1237 maleorum
1469 1191 1507 1237 et

230 1281 487 1362 aliquorum...
510 1280 663 1344 solvi...
688 1280 819 1344 flor...

334 1386 412 1450 ltem
438 1385 496 1450 feci
522 1402 649 1469 portare
674 1408 711 1448 ex
737 1386 885 1472 lwanych
911 1385 1005 1448 funes
1027 1406 1086 1469 pro
1104 1436 1110 1450 .
1128 1436 1159 1451 ..
1186 1387 1255 1449 flor.
1279 1386 1301 1452 l.

334 1494 383 1555 Illi
409 1496 464 1576 qui
489 1495 628 1577 portavit
652 1513 709 1576 pro
735 1493 882 1556 mercede
908 1493 1055 1557 dedi...
1087 1493 1160 1559 den.
1184 1492 1259 1559 Vlll.

334 1619 412 1681 ltem
437 1616 515 1680 feria
539 1619 679 1679 secunda
704 1631 776 1701 post
800 1617 917 1681 festum
942 1617 1147 1679 Visitacionis
1174 1618 1285 1696 Marie,
1311 1618 1430 1679 iterum
1448 1618 1498 1679 vi·

230 1726 311 1808 ginti
345 1739 483 1808 quatuor
514 1726 702 1788 hominibus
733 1726 857 1807 lapides
889 1724 1110 1808 frangentibus
1143 1726 1182 1788 ad
1215 1727 1283 1788 dies
1308 1726 1500 1807 duodecim,

232 1833 295 1895 dati
320 1846 394 1895 sunt
411 1882 418 1896 .
437 1883 469 1896 ..
501 1833 568 1896 flor.
592 1830 712 1896 XXllll.

334 1939 412 2001 Item
437 1939 582 2000 Andreas
606 1939 759 2021 predialis
782 1959 878 2022 super
902 1939 1084 2001 attentione
1110 1939 1221 2002 babuit
1246 1959 1304 2022 pro
1321 1940 1501 2006 solario...

229 2045 299 2108 flor.
324 2045 344 2109 l.
369 2045 440 2109 den.
464 2044 532 2109 XX.

334 2152 410 2214 Item
445 2167 562 2214 eotunc
595 2152 754 2213 duxerunt
787 2152 825 2213 de
859 2151 1024 2214 Cralewcz
1056 2152 1173 2213 robora
1206 2170 1265 2234 pro
1297 2151 1499 2215 stacionibus

228 2278 328 2340 penes
352 2278 480 2320 murum
506 2258 692 2336 fundorum,
717 2279 827 2320 curros
852 2258 976 2338 viginti,
1002 2258 1120 2340 quibus
1144 2277 1202 2340 pro
1227 2259 1374 2340 quolibet
1398 2277 1495 2322 curro

228 2364 293 2426 dati
316 2379 390 2427 sunt
414 2364 486 2428 den.
509 2385 574 2441 sex,
600 2364 673 2425 lacit
690 2413 697 2429 .
715 2413 746 2428 ..
772 2364 841 2427 flor.
866 2364 888 2426 l.
914 2365 986 2426 den.
1012 2362 1081 2428 XX.

332 2490 410 2550 Item
446 2504 563 2550 eotunc
599 2508 657 2570 pro
689 2490 784 2551 certis
820 2489 1041 2549 instrumentis
1077 2487 1204 2567 ferreis,
1238 2508 1304 2571 que
1340 2489 1494 2570 magister

228 2595 379 2657 Erasmus
404 2595 541 2677 lapicida
567 2594 640 2656 lecit
664 2593 731 2656 fieri
764 2615 819 2676 per
844 2595 1005 2655 Andream
1029 2591 1168 2674 fabrum,
1193 2595 1275 2657 solvi
1377 2595 1446 2661 flor.
1472 2597 1494 2661 l.

332 2703 409 2763 Item
435 2717 551 2763 eorunc
576 2702 639 2762 emi
675 2703 715 2762 ab
751 2702 866 2762 eodem
901 2701 1029 2762 Andrea
1062 2699 1152 2763 labro
1177 2702 1260 2763 duos
1283 2702 1408 2784 ligones
1434 2722 1494 2785 pro

223 2809 434 2891 temperando
459 2823 685 2871 cementa...
710 2809 782 2870 den.
807 2805 876 2870 XX.

331 2915 410 2976 Item
436 2915 467 2975 in
500 2913 582 2976 festo
607 2914 808 2994 Margarethe
840 2913 1001 2976 Clementi
1035 2913 1126 2975 labro
1152 2915 1182 2975 in
1216 2928 1334 2977 sortem
1358 2935 1492 2979 suorum

228 3021 375 3082 laborum
402 3021 518 3082 iterum
543 3020 691 3085 dedi...
715 3020 783 3083 flor.
810 3021 832 3083 1.

330 3146 407 3207 Item
434 3160 550 3206 eotunc
576 3144 719 3227 Georgio
745 3147 859 3205 barber
875 3165 933 3228 pro
959 3147 1128 3207 curacione
1153 3146 1249 3207 unius
1267 3146 1489 3229 Sithiczensis,

226 3251 317 3312 cuius
341 3250 506 3312 brachium
532 3267 597 3312 erat
622 3250 754 3313 fractum
781 3270 854 3313 cum
879 3251 969 3312 ruina
993 3264 1088 3329 terre,
1112 3253 1271 3315 solvi...
1299 3253 1368 3318 flor.
1396 3253 1445 3337 Ἀ.

331 3358 407 3419 ltem
434 3373 550 3419 eotunc
583 3360 645 3419 emi
682 3359 740 3419 tria
777 3360 917 3440 plaustra
954 3358 1118 3438 lignorum
1151 3360 1189 3420 ad
1223 3361 1382 3423 staciones
1406 3362 1488 3425 circa

224 3484 352 3528 murum
378 3485 436 3547 pro
454 3514 461 3528 .
477 3513 508 3528 ..
534 3467 596 3527 den
621 3464 726 3529 XVlll.
1536 3448 1539 3455 ¹

329 3571 407 3632 ltem
432 3587 548 3632 eotunc
573 3573 635 3633 emi
661 3587 799 3653 quatuor
824 3571 989 3654 capisteria
1015 3592 1185 3653 parva...
1212 3572 1285 3642 den.
1310 3572 1360 3636 Vl.

331 3698 408 3760 Item
436 3700 468 3759 in
484 3699 563 3760 lesto
591 3695 813 3781 Deposicionis
830 3698 929 3760 sancti
948 3697 1087 3759 Ladislai
1105 3699 1188 3778 regis
1213 3697 1343 3761 luerunt
1366 3701 1483 3763 iterum

223 3805 374 3888 apreciati
399 3806 512 3887 viginti
538 3821 659 3888 septem
685 3805 833 3867 homines
858 3804 896 3865 ad
923 3802 1117 3884 frangendos
1140 3804 1274 3888 lapides,
1300 3807 1419 3888 quibus
1443 3806 1485 3869 ad

223 3911 291 3973 dies
316 3912 487 3974 duodecim
514 3913 578 3975 dati
604 3926 701 3976 sunt.
721 3961 754 3976 ..
780 3911 848 3976 flor.
871 3909 995 3975 XXVII.

330 4019 407 4082 Item
434 4021 464 4081 in
490 4019 572 4083 festo
597 4021 698 4082 Marie
724 4019 763 4080 de
787 4019 868 4080 Nive
885 4020 1043 4100 apreciavi
1071 4019 1237 4081 Simonem
1265 4020 1435 4100 Horwath,
1453 4035 1488 4084 ut

223 4127 405 4209 exploraret
429 4127 602 4188 exercitum
636 4127 842 4188 Thurcorum
874 4125 955 4187 ultra
981 4125 1125 4203 Zawum,
1158 4127 1207 4187 cui
1235 4127 1328 4188 datus
1353 4126 1488 4192 luit...

222 4233 291 4298 flor.
323 4232 343 4298 I.

328 4338 404 4403 ltem
432 4340 508 4401 feria
521 4355 608 4402 sexta
625 4340 772 4422 sequenti
792 4339 921 4402 duobus
937 4341 1145 4422 carpentariis
1161 4341 1346 4423 aptantibus
1362 4341 1488 4425 pixides

222 4448 369 4510 barbatas
394 4448 458 4508 dati
484 4461 556 4509 sunt
574 4498 580 4510 .
598 4497 632 4510 ..
666 4446 739 4510 den.
762 4444 801 4509 X.

327 4571 404 4633 Item
430 4571 508 4633 feria
534 4587 621 4635 sexta
658 4573 690 4634 in
722 4570 804 4634 letto
830 4571 1000 4656 Hyppoliti
1034 4573 1183 4650 martiris,
1207 4592 1275 4634 uno
1300 4574 1420 4636 nuncio
1444 4574 1484 4635 ad

222 4681 351 4745 Zithecz
376 4682 473 4744 misso
497 4701 556 4764 pro
581 4681 828 4758 laboratoribus,
853 4680 920 4743 dati
944 4694 1019 4742 sunt
1035 4728 1043 4744 .
1059 4729 1092 4745 ..
1117 4681 1190 4747 den.
1214 4679 1273 4744 llll.

326 4788 404 4851 ltem
429 4789 495 4850 alio
520 4788 652 4870 quidam
677 4788 826 4852 similiter
848 4786 924 4850 illac
947 4787 1057 4867 misso,
1082 4787 1220 4853 dati...
1245 4788 1318 4852 den.
1343 4786 1404 4854 llll.
