3428 5256
223 322 286 385 320
775 296 924 360 Rationes.

224 535 351 597 papam,
376 515 419 575 ibi
445 512 580 596 expositi
605 525 678 572 sunt
703 529 775 571 cum
805 508 1096 593 protestacionibus
1121 523 1151 568 et
1183 508 1315 569 notariis
1342 508 1405 569 sub
1433 557 1441 570 .
1466 554 1504 570 ..

221 623 293 684 den.
318 619 449 684 XXXV.

239 770 242 775 -
328 728 406 790 Item
416 746 475 809 pro
486 725 682 788 redimendis
696 723 881 806 apostolicis
895 725 1152 808 appellationem
1163 724 1202 786 ad
1216 737 1357 784 sanctam
1378 721 1502 783 sedem

228 834 450 918 apostolicam,
486 831 626 893 dominis
658 830 899 912 Capitularibus
917 879 924 894 .
943 879 975 893 ..
1001 830 1069 895 flor.
1093 829 1116 893 1.
1140 832 1261 911 absque
1286 828 1499 891 remissione.

329 942 406 1004 Item
431 941 471 1002 ad
496 938 720 1022 Apostolicum
731 938 893 1000 mittentes
917 937 1175 1020 appellacionem
1195 936 1314 998 nuncIo
1337 955 1395 998 seu
1420 954 1500 996 cur·

228 1049 291 1111 sori
316 1047 380 1109 dati
405 1060 478 1108 sunt
502 1064 560 1128 pro
584 1038 770 1108 labore...
795 1044 864 1108 flor.
886 1042 946 1107 IIII.

332 1154 409 1215 Item
437 1171 494 1234 pro
519 1151 671 1233 rescripto
703 1150 825 1212 ibidem
851 1152 972 1232 absque
1006 1151 1236 1230 misericordia,
1262 1151 1293 1211 in
1320 1169 1401 1211 auro
1426 1148 1499 1211 dati

225 1274 299 1323 sunt
398 1258 467 1321 flor.
499 1255 555 1336 ΙΙΙ.,
588 1271 618 1319 et
643 1256 703 1318 hoc
736 1257 947 1339 probabimus
979 1276 1035 1339 per
1066 1258 1255 1339 magistrum
1281 1255 1498 1318 MelchIorem

230 1368 423 1431 canonicum
455 1365 707 1447 zagrabiensem,
740 1364 770 1424 In
805 1365 891 1424 curia
925 1364 1072 1425 Romana
1098 1379 1216 1427 eotunc
1241 1364 1434 1426 residentem
1462 1364 1498 1424 in

226 1470 379 1555 causislil
404 1469 675 1532 ReverendissImi
700 1468 825 1531 domini
850 1468 1043 1534 Cardinalis.

333 1579 411 1641 Item
437 1597 493 1660 per
517 1575 751 1638 annicirculum
776 1577 908 1657 quando
941 1596 1069 1638 causam
1095 1577 1247 1639 dominus
1272 1576 1414 1638 decanus
1438 1575 1497 1637 de·

228 1686 297 1748 buit
323 1684 543 1767 quartusmeth
564 1697 595 1745 et
612 1683 790 1765 aliquando
807 1697 872 1745 tota
897 1685 1114 1746 communitas
1130 1683 1315 1761 sollicitare,
1340 1697 1417 1745 tunc
1434 1702 1498 1765 pro

231 1793 337 1853 Missis
351 1790 521 1852 ordinariis
539 1791 623 1851 iuxta
641 1790 769 1850 stallum
782 1785 820 1871 (i)
834 1806 941 1852 nostre
959 1788 1240 1853 Confraternitatis
1264 1788 1356 1869 facte,
1381 1788 1498 1850 debuit

230 1900 354 1960 solvere
379 1896 595 1979 supportatori
621 1897 652 1956 ln
671 1943 677 1958 .
695 1945 727 1960 ..
752 1896 819 1961 flor.
843 1894 877 1960 ll.

334 2001 412 2066 Item
438 2003 592 2065 interesse
616 2017 647 2064 et
671 2003 811 2084 dampna
833 2004 1048 2066 noluissemus
1064 2005 1129 2086 pati
1155 2022 1212 2085 pro
1238 2002 1308 2067 flor.
1333 2003 1497 2084 quinqua·

231 2106 329 2174 ginta.

335 2198 415 2260 Item
440 2198 471 2259 in
496 2196 577 2258 Iesto
599 2197 843 2279 Assumpcionis
868 2201 958 2259 beate
976 2199 1108 2280 virginis
1134 2198 1234 2260 Marie
1259 2199 1345 2259 citati
1370 2194 1499 2260 fulmus

232 2308 272 2368 ad
297 2305 428 2368 Curiam
455 2305 630 2386 legacionis
654 2323 710 2385 per
734 2301 912 2386 Alctorem)
932 2305 1083 2367 videlicet
1110 2288 1310 2366 Demetrium
1330 2318 1495 2367 assertum

232 2413 446 2495 Prepositum‚
471 2412 504 2471 in
529 2430 592 2492 qua
616 2411 772 2473 citacione
805 2412 910 2472 statim
944 2412 1141 2494 appellatum
1167 2411 1270 2473 extitit
1294 2411 1333 2472 ad
1359 2409 1496 2474 Curiam

235 2538 412 2595 romanam,
446 2538 504 2600 pro
540 2518 752 2599 inscriptione
788 2518 903 2579 notarii
939 2533 970 2579 et
993 2519 1227 2601 protestacione
1252 2518 1387 2600 expositi
1421 2533 1500 2580 sunt

313 2625 385 2688 den.
409 2624 477 2686 XV.

338 2731 416 2794 Item
442 2751 500 2812 pro
525 2731 620 2813 pariis
645 2731 811 2792 citacIonis
835 2730 874 2791 ad
900 2729 1031 2793 Curiam
1065 2730 1241 2810 legacionis
1265 2730 1399 2792 domiuo
1423 2749 1499 2793 exe·

236 2837 339 2899 cutori
357 2884 364 2900 .
381 2883 389 2898 .
407 2889 412 2901 .
439 2836 509 2901 flor.
538 2836 586 2919 Ἲς.

340 2944 417 3005 Item
450 2943 490 3004 ad
523 2944 696 3004 terminum
730 2943 984 3024 Strigoniensem
1024 2943 1195 3013 debuimus
1234 2963 1340 3006 emere
1373 2942 1501 3006 duabus

235 3050 382 3133 personis
406 3049 488 3110 duos
505 3069 606 3131 equos
624 3069 695 3111 cum
714 3051 866 3112 omnibus
882 3050 1063 3111 attinenciis
1080 3098 1087 3112 .
1104 3099 1110 3112 .
1127 3097 1135 3113 .
1163 3049 1232 3112 flor.
1249 3047 1359 3114 XVIII.
1374 3049 1447 3116 den.
1460 3051 1501 3116 X.

344 3156 421 3217 Item
447 3156 626 3217 ambulanti
652 3157 787 3217 domino
813 3177 850 3216 ex
884 3155 1033 3217 fratribus
1059 3156 1258 3237 Strigonium
1284 3156 1317 3217 ln
1342 3154 1424 3218 festo
1448 3176 1502 3218 oc-

239 3277 310 3324 tave
335 3262 579 3343 Assumpcionis
604 3263 703 3323 Marie
730 3281 830 3344 usque
852 3260 968 3324 festum
992 3262 1076 3323 beati
1097 3262 1259 3343 Lamperti
1285 3264 1325 3324 ad
1350 3263 1503 3326 victualia

240 3390 296 3431 sua
322 3383 352 3431 et
377 3388 536 3450 equorum
561 3371 696 3451 expositi
721 3384 794 3430 sunt
811 3419 817 3431 .
837 3419 869 3433 ..
901 3369 968 3432 flor.
992 3367 1056 3433 XII.

345 3477 422 3538 Item
448 3478 646 3558 procuratori
671 3497 765 3539 cause
791 3477 944 3558 StrIgonii
979 3476 1043 3537 dati
1068 3491 1142 3538 sunt
1159 3524 1167 3540 .
1187 3524 1220 3540 ..
1246 3476 1314 3540 flor.
1339 3477 1376 3540 V.

347 3583 424 3643 Item
440 3603 496 3663 pro
510 3582 610 3644 literis
627 3583 852 3665 compulsotiis
869 3584 1002 3644 domiuo
1020 3583 1198 3644 reverendo
1215 3583 1364 3645 Auditori
1383 3583 1504 3646 Chesio

241 3688 334 3752 datus
358 3704 481 3753 est...
504 3689 574 3751 flor.
598 3688 620 3753 I.
1377 3757 1379 3762 .

347 3795 425 3857 Item
452 3796 592 3857 dominis
618 3796 749 3857 notariis
766 3815 823 3877 pro
849 3796 1045 3858 redimendis
1063 3797 1356 3859 Protestacionibus
1372 3796 1404 3858 in
1429 3797 1505 3860 sede

322 3903 384 3965 den
409 3900 477 3966 XX.

348 4008 424 4071 Item
452 4011 571 4070 ibidem
591 4011 712 4071 cursori
738 4010 836 4073 CurIe
854 4011 1030 4092 legacionis
1048 4010 1112 4072 dati
1138 4026 1210 4071 sunt
1229 4059 1235 4072 .
1256 4059 1289 4074 ..
1315 4011 1388 4073 den.
1405 4008 1504 4074 XXV.

349 4115 427 4178 Item
453 4116 715 4177 Procuratorium
741 4117 927 4179 mandatum
953 4115 1088 4178 facimus
1111 4115 1179 4177 fieri
1203 4117 1370 4197 Zagrabie‚
1394 4137 1505 4200 parga-

244 4240 376 4283 menum
401 4236 620 4303 emptum...
645 4222 717 4283 den.
741 4220 805 4285 XII.

350 4327 412 4388 Pro
436 4326 599 4409 legalitate
624 4329 739 4390 notarii
765 4329 857 4391 datus
881 4343 927 4390 est
945 4378 952 4392 .
970 4374 1003 4394 ..
1029 4328 1098 4394 flor.
1123 4327 1144 4391 I.

350 4433 411 4494 Pro
436 4435 591 4516 scriptura
617 4435 902 4497 iustrumentorum
921 4485 928 4499 .
947 4483 979 4499 ..
1003 4436 1076 4499 den.
1100 4417 1168 4498 XX.

348 4535 426 4600 Item
452 4541 584 4621 quando
608 4543 708 4623 parati
734 4561 860 4604 eramus
887 4562 945 4625 pro
966 4542 1149 4622 concordIa‚
1175 4555 1293 4604 eotunc
1318 4543 1452 4604 notariis
1476 4556 1508 4607 et

244 4645 317 4707 aliis
340 4645 473 4707 testibus
497 4647 632 4730 expositi
657 4663 731 4710 sunt
748 4697 756 4713 .
774 4697 805 4714 ..
829 4647 902 4712 den.
929 4644 1019 4725 xv1;
1051 4661 1082 4711 et
1106 4649 1167 4711 hoc
1192 4646 1335 4710 secundo
1357 4648 1409 4710 die
1434 4662 1508 4732 post

248 4750 373 4815 Vrsule.
