3428 5256
594 1319 724 1417 (Anno
748 1318 910 1407 'Domini
938 1317 1159 1420 MDXXIV.)

224 1671 329 1747 Anno
368 1673 555 1748 millesimo
590 1675 880 1773 quingentesimo
918 1676 1096 1774 vigesimo
1138 1683 1287 1775 quarto,
1324 1686 1501 1778 tempore

223 1797 405 1894 judicatus
445 1798 695 1897 circumspecti
724 1805 764 1874 et
792 1799 976 1899 prudentis
1015 1798 1198 1875 Michaelis
1227 1800 1372 1891 literati,
1416 1824 1498 1879 mo·

225 1920 324 1995 demi
356 1919 490 2018 judicis
529 1922 665 2014 nostri,
702 1946 853 2021 presens
891 1923 1101 1999 kathernum
1149 1929 1207 1999 est
1252 1924 1500 2025 conscriptum

227 2044 341 2120 modo
374 2054 412 2120 et
454 2045 578 2120 ordine
619 2056 726 2146 prout
758 2057 868 2147 patet,
910 2047 1001 2123 feria
1037 2048 1194 2123 secunda
1236 2053 1320 2122 ante
1361 2045 1498 2125 sestum

502 2181 708 2245 sanctorum
737 2171 909 2272 Tyburcii
940 2182 978 2248 et
1009 2171 1202 2247 Valeriani.

750 2384 809 2460 (11.
833 2383 962 2459 aprilis).

332 2503 429 2576 Quod
455 2523 513 2565 nos
540 2505 704 2585 quandam
729 2506 862 2568 domum
881 2507 1021 2588 ligneam
1047 2521 1197 2589 protunc
1222 2508 1285 2569 iam
1310 2506 1493 2591 ruinosum,

227 2609 322 2671 simul
347 2629 420 2670 cum
446 2609 579 2671 edificiis
602 2612 748 2673 similiter
779 2613 937 2674 universis
968 2633 1003 2675 ac
1036 2595 1123 2675 curia
1148 2614 1179 2674 in
1212 2611 1333 2695 prelata
1358 2614 1489 2679 civitate

225 2716 355 2778 honesti
380 2718 470 2798 pueri
496 2718 663 2779 Michaelis
687 2717 742 2779 lilii
776 2719 913 2780 condam
939 2720 1094 2781 Anthonii
1120 2719 1287 2802 selliparis‚
1309 2720 1387 2781 olim
1412 2740 1491 2782 con·

227 2823 307 2883 civis
331 2823 442 2900 nostri,
467 2823 548 2883 inter
572 2824 687 2884 domos
704 2839 735 2887 et
755 2825 858 2886 curias
875 2826 1085 2907 providorum
1104 2825 1236 2906 Georgii
1261 2826 1428 2908 selliparis‚
1445 2828 1488 2890 ab

226 2930 373 2991 orientali
399 2944 429 2990 et
452 2931 576 2991 Nicolai
603 2933 790 3012 carpentarii
824 2934 863 2993 ab
895 2932 1060 2993 occidente
1086 2952 1122 2993 ac
1147 2931 1301 3012 (h)0rtum
1327 2933 1482 3015 Stephani

224 3037 352 3097 sartoris
376 3057 392 3097 a
418 3037 633 3116 meridionali,
658 3038 838 3099 concivium
868 3053 1063 3116 nostrorum,
1087 3058 1105 3098 a
1129 3038 1383 3119 septemtrionali
1408 3059 1486 3102 vero

222 3143 307 3203 viam
321 3162 377 3203 seu
390 3143 527 3224 plateam
547 3163 763 3222 communem,
782 3145 935 3226 partibus,
953 3145 1095 3206 habitam
1113 3158 1144 3206 et
1162 3144 1360 3223 existentem,
1378 3145 1484 3227 ipsum

224 3250 344 3311 scilicet
367 3269 502 3331 puerum
536 3251 726 3311 Michaelem
759 3250 827 3329 jure
860 3250 1053 3316 hereditario
1086 3265 1157 3331 post
1189 3250 1354 3313 decessum
1386 3252 1485 3333 patris

224 3371 482 3434 conternantem,
507 3377 546 3418 ne
570 3357 720 3418 videlicet
744 3357 827 3418 dicta
856 3357 981 3436 domus,
1001 3372 1095 3438 prout
1127 3357 1189 3436 jam
1215 3371 1347 3439 apparet
1370 3358 1413 3419 ob
1436 3358 1485 3419 in·

224 3464 346 3525 curiam
371 3478 401 3524 et
426 3464 658 3544 negligenciam
684 3468 777 3524 Anne
802 3483 938 3525 noverce
964 3478 993 3524 et
1012 3464 1141 3546 Mathey
1167 3463 1269 3546 Feyer
1293 3463 1396 3526 vitrici
1414 3483 1486 3546 pre·

225 3570 281 3632 fati
306 3571 396 3652 pueri
421 3571 556 3631 omnino
582 3571 721 3630 ruinaret
746 3584 776 3632 et
800 3571 831 3631 in
850 3569 1089 3631 desolacionem
1108 3584 1282 3632 extremam
1309 3569 1485 3650 deveniret,

225 3678 320 3738 simul
354 3696 428 3737 eum
460 3677 612 3737 omnibus
644 3673 764 3757 prefate
800 3676 916 3737 domus
948 3691 978 3737 et
1010 3677 1096 3738 curie
1129 3695 1253 3737 necnon
1286 3675 1486 3738 edificiorum

228 3784 429 3860 utilitatibus,
453 3783 586 3862 juribus,
613 3783 732 3858 usibus,
766 3782 1001 3863 integritatibus
1026 3797 1056 3843 et
1089 3782 1294 3864 pertinenciis
1318 3782 1487 3862 universis,

227 3889 363 3971 provido
389 3889 538 3950 Michaeli
564 3886 705 3971 pellifiei,
731 3903 764 3949 ut
788 3888 851 3968 jam
873 3909 958 3950 novo
983 3889 1108 3950 concivi
1133 3903 1253 3966 nostru,
1278 3909 1314 3950 ac
1337 3909 1393 3972 per
1410 3908 1485 3952 eum

224 3997 289 4056 suis
313 3997 486 4057 heredibus
510 3995 595 4074 juxta
620 3995 786 4056 arbitrium
806 4009 836 4056 et
853 3996 1114 4057 exstimacionem
1140 3997 1316 4076 proborum
1342 3995 1485 4057 virorum

222 4121 279 4183 pro
304 4101 372 4163 flor.
398 4116 471 4163 octo
496 4121 551 4183 per
575 4100 733 4182 prelatum
761 4100 952 4162 Michaelem
985 4098 1155 4182 pellificem
1189 4099 1229 4160 ad
1259 4120 1372 4161 manus
1396 4119 1485 4163 cnm·

221 4227 335 4269 munes
359 4208 546 4289 assignatos,
569 4209 632 4288 jam
666 4209 758 4289 plene
791 4222 821 4268 et
853 4207 994 4269 totaliter
1026 4225 1062 4266 ac
1094 4205 1180 4266 dicto
1205 4205 1356 4267 Michaeli
1381 4226 1484 4289 puero

222 4334 294 4374 cum
318 4314 357 4375 ad
383 4313 556 4395 perfectam
589 4329 704 4376 etatem
737 4314 918 4396 pervenerit
947 4311 1130 4390 tradendos,
1154 4330 1205 4388 ne,
1237 4312 1262 4372 si
1295 4312 1335 4373 ad
1369 4332 1484 4375 manus

223 4421 380 4482 dictorum
416 4441 552 4483 noverce
585 4437 614 4483 et
646 4421 747 4482 vitrici
780 4420 916 4501 pecunia
948 4418 1138 4495 advenisset,
1170 4417 1306 4479 eandem
1334 4438 1484 4482 consum·

224 4527 370 4608 psissent,
385 4527 596 4606 dedissemus,
613 4527 870 4589 vendidissemus
884 4539 915 4588 et
931 4524 1200 4602 contullissemus,
1218 4524 1318 4585 immo
1336 4524 1485 4589 dedimus

221 4647 252 4695 et
276 4633 481 4695 vendidimus
504 4632 572 4714 jure
590 4647 745 4716 perpetuo
770 4646 801 4695 et
825 4629 1086 4694 irrevocabiliter.
1112 4628 1230 4691 Datum
1249 4626 1328 4691 lenis
1344 4630 1484 4697 secunda

221 4753 294 4822 post
318 4738 433 4804 festum
460 4740 544 4803 beati
571 4738 728 4802 Anthonii
752 4736 954 4801 confessoris.
978 4740 1076 4799 Anno
1099 4753 1166 4820 quo
1190 4752 1295 4818 supra.
