3428 5256
221 293 283 354 262
774 289 925 352 Rationes.

327 503 466 565 Johanni
493 501 742 584 MarthInwsych
760 550 767 564 .
783 549 814 564 ..
842 501 900 565 sol.
924 501 958 565 le.
1034 541 1039 554 .

330 609 408 671 Item
434 609 510 670 feria
536 610 632 671 tercia
657 609 690 670 in
715 606 795 669 festo
819 607 918 669 sancti
937 608 1043 670 Alexii
1068 608 1190 670 ibidem
1214 608 1248 669 in
1272 620 1381 669 castro
1411 608 1506 671 Mar·

225 717 294 779 tino
319 716 530 778 curriductori
554 715 594 778 de
618 714 766 799 Iwanych
795 714 942 778 dedi...
966 715 1024 778 sol.
1048 714 1096 777 II⁰.

325 820 404 885 Item
429 820 507 884 Ieria
533 823 645 903 quinta
662 835 734 903 post
759 820 874 883 festum
893 821 1011 883 Allexii
1025 821 1099 882 dedi
1125 822 1157 882 in
1182 834 1285 883 castro
1311 821 1505 886 Dominico

227 948 423 1011 magno...
448 929 506 992 sol.
530 929 564 990 1⁰.

329 1035 509 1096 Laurencio
534 1033 694 1116 Petherffy
712 1082 719 1098 .
736 1080 768 1097 ..
793 1034 851 1096 sol.
877 1033 912 1096 L.

326 1141 457 1202 Andree
482 1140 608 1203 Petheri
626 1189 633 1203 .
650 1189 681 1204 ..
705 1141 764 1202 sol.
791 1141 825 1204 L.

329 1246 523 1311 00001110..
543 1293 550 1308 .
578 1246 636 1308 sol.
664 1246 698 1309 L.

329 1352 467 1415 Iohanni
492 1351 605 1414 Bathai
623 1402 630 1415 .
648 1400 678 1414 ..
702 1352 761 1413 001.
788 1352 823 1413 L.

327 1459 429 1521 Paulo
452 1457 567 1542 wayda
585 1507 591 1522 .
609 1506 640 1521 ..
664 1458 722 1521 sol.
748 1458 784 1520 L.

333 1565 494 1628 Clementi
518 1565 660 1628 Pali...
694 1564 753 1626 sol.
778 1565 812 1627 L.

331 1672 474 1753 Georgio
499 1671 678 1754 Capwnalo
696 1722 702 1736 .
720 1720 749 1734 ..
773 1673 832 1735 sol.
858 1673 892 1734 L.

332 1777 492 1860 Gregorio
517 1777 614 1840 Iwani
633 1827 640 1841 .
656 1827 687 1841 ..
713 1778 772 1840 sol.
796 1779 831 1841 L.

328 1884 406 1946 Item
431 1881 510 1946 feria
534 1898 619 1945 sexta
645 1884 677 1945 in
703 1882 783 1946 festo
809 1884 880 1946 Elie
905 1885 976 1945 misi
1002 1883 1041 1945 ad
1068 1882 1176 1967 Garyg
1202 1882 1415 1945 familiaribus
1431 1885 1493 1947 do-

222 1991 302 2052 miui
327 1991 430 2074 pisces
453 2003 650 2072 emptos...
684 1991 742 2052 sol.
765 1989 832 2051 XII.

328 2096 406 2158 Item
438 2097 471 2158 in
503 2094 584 2158 festo
617 2096 716 2157 Marie
750 2096 940 2177 Magdalene
961 2097 1033 2157 misi
1059 2097 1098 2158 ad
1132 2097 1261 2179 Garyg:
1293 2098 1387 2158 Petro
1427 2097 1490 2160 Or·

225 2203 407 2267 mandi...
435 2203 496 2268 sol.
523 2202 557 2265 L.

335 2309 474 2372 Iohanni
500 2308 637 2371 Geredei
655 2357 662 2370 .
679 2356 709 2370 ..
733 2308 792 2372 sol.
822 2309 856 2371 L.

331 2416 470 2478 Iohanni
495 2416 587 2497 Nagy
605 2464 612 2478 .
629 2462 660 2477 ..
684 2414 742 2477 sol.
766 2415 801 2477 L.

329 2521 493 2604 Stephano
519 2521 606 2602 Zalaj
624 2570 631 2583 .
649 2566 681 2583 ..
705 2521 763 2584 sol.
788 2521 823 2584 L.

329 2628 406 2691 Item
439 2626 567 2689 cuidam
601 2626 723 2688 famulo
753 2628 835 2688 Petri
877 2626 1104 2707 fenestratoris‚
1136 2650 1232 2710 quem
1266 2643 1383 2691 eotunc
1416 2631 1491 2692 misi

224 2735 426 2816 Zagrabiam,
451 2734 597 2797 dedi...
629 2733 688 2795 sol.
710 2734 749 2796 X.

333 2839 410 2902 Item
436 2840 631 2922 pauperibus
654 2839 875 2904 distribui...
907 2839 965 2902 sol.
988 2840 1087 2903 XXV.

333 2947 439 3029 Papiri
464 2947 578 3008 libram
604 2946 740 3009 emi...
765 2946 823 3010 sol.
847 2944 910 3009 VII.

333 3054 497 3136 Stephano
522 3073 601 3115 coco
626 3054 775 3115 castrensi
809 3054 956 3117 dedi...
979 3053 1038 3116 sol.
1061 3054 1190 3117 XXXII.

331 3161 409 3222 Item
435 3159 512 3222 feria
537 3161 633 3222 tercia
666 3161 696 3221 in
729 3161 839 3242 vigilia
871 3160 982 3222 Jacobi
1015 3160 1087 3222 misi
1112 3161 1152 3222 ad
1178 3160 1287 3244 Garyg
1312 3164 1488 3245 pisces...

226 3268 284 3332 sol.
307 3268 403 3330 XIIII.

331 3372 408 3437 Item
435 3375 466 3435 in
492 3373 572 3435 festo
598 3375 708 3436 Jacobi
734 3377 929 3457 pauperibus
953 3376 1100 3438 distribui
1120 3425 1126 3439 .
1144 3424 1174 3439 ..
1198 3376 1256 3439 sol.
1280 3377 1361 3440 XVI.

330 3478 446 3542 Iterum
473 3479 550 3541 feria
576 3495 661 3542 sexta
686 3481 758 3541 misi
780 3481 818 3541 ad
839 3481 947 3564 Garyg
971 3484 1143 3565 pisces...
1167 3483 1225 3545 sol.
1250 3481 1329 3545 VIII.

335 3586 411 3647 Item
438 3584 515 3647 feria
538 3586 677 3646 secunda
709 3601 781 3648 ante
814 3586 929 3649 festum
962 3589 1001 3649 ad
1034 3589 1170 3650 Viocula
1197 3589 1291 3666 Petri,
1317 3590 1387 3650 misi
1416 3589 1486 3651 Fw·

229 3693 320 3773 rineg
347 3691 470 3753 Budom
504 3693 584 3753 circa
617 3692 798 3770 dominum,
831 3714 889 3775 pro
921 3694 1068 3775 expensis
1100 3693 1246 3758 dedi...
1270 3696 1327 3759 sol.
1352 3694 1493 3758 I⁰XXVL

331 3800 407 3861 Item
434 3799 548 3860 eodem
575 3800 625 3859 die
651 3800 744 3861 Petro
760 3799 1021 3883 Figwergyartho
1046 3799 1189 3864 dedi...
1213 3802 1270 3864 sol.
1295 3802 1329 3866 1⁰.

333 3906 408 3966 Item
436 3906 466 3966 in
493 3905 573 3966 festo
600 3906 683 3966 Petri
700 3905 739 3966 ad
765 3905 902 3966 Vincula
920 3904 1150 3967 bartholomeo
1171 3907 1282 3989 pistori
1309 3909 1488 3972 chasmensi

226 4012 373 4075 dedi...
397 4012 454 4075 sol.
477 4013 544 4073 XL.

330 4117 408 4181 Item
433 4118 509 4179 ferIa
536 4131 621 4179 sexta
647 4131 719 4179 ante
737 4116 851 4179 festum
875 4117 1009 4180 Osvaldi
1035 4118 1105 4179 misi
1132 4119 1233 4200 pisces
1258 4121 1297 4181 ad
1324 4119 1482 4204 Garyg...

223 4224 371 4288 0011111.

331 4330 406 4391 Item
433 4330 547 4391 eodem
574 4331 625 4391 die
659 4331 729 4391 misi
755 4329 934 4392 lohannem
960 4331 1092 4392 Kurnek
1117 4346 1147 4392 et
1173 4330 1303 4393 Gallum
1331 4332 1486 4415 Plossych

222 4456 294 4498 cum
321 4437 456 4497 navibus
480 4458 537 4519 pro
562 4437 638 4515 0010,
664 4435 758 4498 etad
783 4455 938 4518 expensas
961 4437 1035 4498 dedi
1061 4437 1177 4500 eis...
1201 4437 1259 4500 001.
1285 4438 1449 4502 I⁰XXXV.

329 4543 453 4605 Eodem
478 4544 529 4606 die
555 4543 714 4626 Gregorio
740 4543 874 4626 pixidari
892 4591 899 4606 .
916 4591 948 4606 ..
972 4545 1030 4608 sol.
1055 4545 1090 4607 L.

327 4649 404 4712 Item
430 4651 481 4712 die
506 4651 672 4713 dominico
695 4650 726 4712 in
752 4648 832 4713 festo
850 4648 985 4714 Osvaldi
1004 4651 1169 4734 Stephano
1198 4650 1342 4713 Rradach
1362 4652 1492 4719 dedi...

222 4756 280 4820 sol.
305 4755 353 4821 11⁰.
