3428 5256
225 352 288 414 324
770 338 918 398 Rationes.

327 544 407 610 Item
432 549 583 630 magister
607 549 791 611 Jeronimus
823 568 887 610 non
920 549 999 610 dixit
1031 549 1160 609 missam
1185 547 1263 611 ferie
1287 549 1385 610 tercia
1416 565 1501 611 ante

223 655 338 718 festum
364 658 447 719 beati
473 658 719 737 Augustini...
747 653 853 738 (solid.
877 652 984 718 XXV
1003 653 1121 738 solvit).

327 760 407 826 Item
433 764 583 845 magister
607 764 770 826 iohannes
795 763 938 825 Bradach
964 782 1029 824 nou
1054 763 1135 825 dixit
1162 763 1241 825 duas
1266 762 1378 824 missas
1404 760 1496 826 infra

223 871 421 932 dominicam
445 885 518 932 ante
537 870 651 932 festum
670 871 754 932 beati
772 869 944 952 Augustini
971 883 1001 931 et
1020 869 1051 930 in
1069 886 1163 932 cantu
1188 872 1282 931 misse
1309 889 1366 953 per
1382 883 1495 934 totam

223 976 438 1039 ebdomadam
463 975 537 1038 iecit
561 976 797 1059 negligenciam
816 1029 821 1040 .
843 1025 874 1038 ..
898 972 1003 1052 (solid.
1028 973 1136 1038 XXV
1155 974 1271 1058 solvit).

327 1080 408 1145 Item
432 1082 584 1145 dominus
608 1082 862 1166 archydiaconus
886 1083 1006 1144 Waska
1036 1101 1100 1143 non
1126 1081 1186 1145 fuit
1209 1082 1241 1144 in
1266 1096 1362 1146 cantu
1388 1083 1493 1146 misae

223 1189 300 1252 feria
324 1191 435 1271 quinta
460 1202 532 1270 post
554 1187 669 1251 festum
702 1189 785 1251 beati
812 1189 974 1270 Lamperti
992 1237 1000 1252 .
1019 1239 1048 1251 ..
1075 1185 1204 1270 (sonia).

328 1294 406 1359 Item
431 1297 582 1378 magister
606 1297 795 1358 Ambrosius
818 1296 925 1357 senior
949 1295 1093 1359 nonfuit
1117 1298 1149 1358 in
1174 1310 1269 1358 cantu
1293 1296 1388 1357 misse
1406 1294 1489 1357 feria

225 1403 322 1464 tercia
347 1417 420 1464 ante
444 1401 559 1465 festum
585 1403 669 1463 beati
695 1402 830 1465 Gerardi
864 1402 1074 1464 martiris...
1098 1399 1228 1484 (solvit).

328 1505 407 1570 Item
434 1510 584 1589 magister
610 1508 727 1570 Paulus
752 1528 817 1570 non
849 1506 911 1570 fuit
935 1509 967 1570 in
992 1524 1085 1571 cantu
1113 1510 1208 1570 misse
1234 1509 1266 1570 in
1291 1506 1373 1570 festo
1397 1509 1487 1569 beati

224 1615 343 1678 Mathei
368 1617 504 1698 apostoli
530 1628 561 1676 et
585 1616 863 1697 ewangeliste...
887 1613 1018 1698 (solvit).

327 1721 487 1783 Dominus
510 1721 648 1782 Warasd
673 1741 737 1782 non
756 1722 836 1782 dixit
861 1722 988 1783 missam
1014 1720 1089 1784 seria
1114 1721 1209 1783 tercia
1235 1722 1267 1781 in
1292 1717 1374 1781 sesto
1398 1720 1487 1781 beati

222 1829 341 1890 Juliani
367 1829 508 1909 episcopi
533 1827 724 1889 confessoris
741 1875 747 1887 .
766 1876 796 1889 ..
821 1824 892 1910 (sol.
918 1825 1067 1890 XXXII
1085 1824 1202 1909 soleii).

329 1934 459 1995 Domini
492 1935 634 2015 magistri
669 1934 815 1996 Matheus
847 1935 989 1996 notarius
1025 1947 1055 1995 et
1090 1932 1274 1995 Anthonius
1299 1931 1487 2014 Kwthonya

224 2040 433 2121 neglexerunt
457 2040 488 2100 in
514 2052 607 2100 cantu
634 2039 763 2100 missam
797 2040 897 2100 sancti
930 2038 1083 2120 Stephani
1108 2037 1192 2118 regis
1211 2087 1216 2097 .
1236 2086 1268 2100 ..
1294 2032 1400 2118 (solid.
1424 2033 1488 2118 X).

327 2143 407 2207 Item
432 2145 470 2205 ad
495 2146 658 2206 racionem
691 2145 815 2206 domini
840 2145 996 2206 Jeronimi
1029 2144 1103 2205 dedi
1133 2144 1268 2205 domino
1293 2143 1388 2204 Petro
1413 2163 1485 2223 pre·

222 2253 377 2314 bendario
403 2271 461 2333 pro
486 2252 654 2314 missa...
679 2252 738 2313 sol.
763 2249 815 2314 VI.

327 2357 405 2421 Item
440 2359 480 2418 ad
516 2359 678 2419 racionem
715 2358 838 2418 domini
875 2357 1030 2419 Johannis
1066 2356 1207 2419 Bradach
1240 2355 1314 2417 dedi
1347 2354 1487 2417 domino

223 2464 462 2542 Bartholome0,
487 2465 610 2544 primo:
643 2483 701 2545 pro
735 2463 840 2524 missis
873 2463 1074 2525 duabus...
1105 2462 1161 2524 sol.
1189 2458 1272 2540 XII„
1303 2475 1486 2543 procantu

221 2570 344 2631 dierum
370 2571 540 2633 trium...
564 2571 623 2632 soi.
646 2564 702 2633 VI.

839 2733 864 2790 5.

325 2856 421 2913 Anno
447 2853 577 2913 Domini
608 2871 699 2934 1509.
724 2853 848 2914 Fratres
866 2853 1029 2914 Heremite
1048 2854 1080 2914 in
1105 2854 1244 2916 claustro
1269 2854 1361 2916 beate
1380 2853 1484 2916 Mario

221 2959 353 3038 virginis
373 2978 466 3039 supra
500 2960 689 3038 Zagrabiam
723 2973 958 3020 commorantes
990 2979 1048 3041 pro
1079 2960 1306 3040 recognicione
1342 2960 1483 3022 dominii

221 3063 340 3145 (Capit.
366 3065 503 3144 zagrab.)
518 3085 575 3146 pro
599 3085 684 3125 anno
698 3066 873 3146 prescripto
897 3065 1062 3126 solverunt
1085 3066 1207 3127 solidos
1230 3067 1360 3146 triginta
1385 3067 1481 3130 duos.

326 3174 422 3230 Anno
449 3170 580 3231 Domini
605 3171 779 3232 millesimo
797 3171 1057 3251 quingentesimo
1082 3171 1219 3250 decimo,
1244 3169 1353 3234 fratres
1380 3172 1482 3234 Here·

222 3277 297 3337 mite
324 3276 353 3336 in
380 3276 517 3336 claustro
535 3278 624 3336 beate
651 3278 750 3338 Marie
771 3277 903 3357 virginis
919 3297 1013 3358 supra
1032 3277 1220 3358 Zagrabiam
1239 3293 1480 3340 commorantes

220 3401 278 3463 pro
303 3383 527 3462 recognicione
552 3381 688 3443 dominii
714 3383 829 3464 (Capit.
855 3384 993 3462 zagrab.)
1011 3393 1075 3464 'pro
1100 3402 1185 3444 anno
1214 3383 1389 3464 prescripto
1413 3384 1478 3446 sol·

220 3503 334 3549 verunt
358 3488 479 3550 solidos
495 3489 624 3569 triginta
650 3490 740 3551 duos.
