3428 5256
589 1335 715 1431 (Anno
744 1334 899 1424 Domini
927 1334 1113 1434 MDXIV.)

220 1709 309 1786 ltem
338 1710 372 1784 in
400 1732 494 1785 anno
515 1708 658 1784 Domini
672 1708 859 1785 millesimo
875 1711 1164 1809 quingentesimo
1185 1712 1324 1786 decimo
1341 1721 1482 1811 quarto,

218 1842 384 1929 ternpore
410 1832 578 1908 videlicet
606 1833 707 1932 primi
732 1831 914 1930 judicatus
951 1834 1137 1933 prudentis
1167 1843 1205 1910 et
1233 1837 1483 1934 circumspecti

218 1957 282 2031 viri
312 1955 494 2032 Michaelis
533 1955 592 2031 filii
626 1954 771 2049 Mathei,
811 1958 971 2032 moderni
1003 1957 1133 2054 judicis
1176 1961 1301 2050 nostri,
1331 1982 1483 2058 presens

218 2081 406 2155 laternum
427 2088 485 2155 est
505 2080 748 2180 conscriptum
778 2081 886 2155 modo
917 2089 954 2156 et
979 2081 1103 2156 ordine
1131 2089 1240 2179 prout
1267 2092 1381 2180 patet,
1402 2083 1481 2157 sab-

349 2204 437 2279 bato
466 2205 629 2304 proximo
659 2205 691 2277 in
722 2203 887 2302 profesto
914 2205 1011 2280 beati
1043 2203 1212 2303 Gregorii
1242 2229 1347 2304 pape.

744 2483 804 2546 (11.
829 2471 953 2533 martii).

308 2647 406 2720 Quod
426 2665 486 2708 nos
502 2646 667 2727 quoddam
686 2643 782 2707 fenile
800 2660 943 2707 nostrum
963 2666 1135 2708 commune
1149 2647 1180 2707 in
1199 2647 1359 2708 territorio
1373 2662 1482 2709 nostro

217 2773 273 2815 seu
298 2754 434 2815 civitatis
458 2752 578 2835 prefate
603 2752 759 2830 habiturn,
783 2773 800 2813 a
822 2768 911 2833 parte
930 2752 1078 2815 orientali
1104 2773 1201 2834 penes
1226 2753 1359 2815 fluvium
1381 2753 1481 2816 Cher·

218 2878 367 2920 nomercz
391 2859 602 2941 appellatum,
626 2880 642 2920 a
668 2873 756 2939 parte
772 2859 1025 2940 septemtrionali
1050 2859 1132 2920 inter
1157 2858 1253 2921 fenile
1279 2859 1404 2922 discreti
1423 2860 1480 2921 do·

217 2965 296 3026 mini
323 2964 488 3026 Michaelis
512 2964 569 3026 lilii
594 2965 731 3025 condam
751 2965 874 3042 uertet,
899 2965 976 3026 olim
995 2966 1136 3025 concivis
1154 2966 1264 3042 nostri,
1289 2984 1352 3046 qua
1370 2963 1481 3027 senilia

217 3086 340 3153 separat
365 3071 531 3152 quoddam
562 3069 716 3132 fossatum
749 3072 789 3131 ab
823 3071 889 3153 ipsa
921 3087 1009 3154 parte
1041 3071 1309 3152 septemtrionali,
1334 3073 1374 3132 ab
1399 3072 1482 3135 occi·

217 3175 335 3236 dentali
362 3176 463 3237 eciam
488 3174 586 3237 fenile
612 3191 718 3237 nostre
743 3177 993 3254 communitatis,
1011 3178 1099 3259 quod
1125 3178 1164 3238 ad
1183 3197 1314 3258 presens
1337 3177 1482 3258 possidet

217 3280 343 3342 Marcus
367 3281 407 3341 de
433 3281 598 3359 walana,
615 3282 751 3342 colonus
769 3297 886 3359 noster,
904 3282 1048 3343 habitum
1067 3297 1096 3343 et
1121 3283 1269 3360 existens,
1293 3283 1389 3344 simul
1408 3303 1481 3344 cutn

219 3388 370 3448 omnibus
402 3387 546 3448 eiusdem
565 3386 672 3448 lenilis
695 3387 897 3465 utilitatibus,
922 3389 1050 3464 usibus,
1076 3388 1197 3467 juribus
1221 3403 1251 3449 et
1275 3389 1481 3470 pertinenciis

217 3493 375 3555 universis
399 3495 535 3575 provido
553 3495 621 3554 viro
647 3495 740 3555 Petro
757 3494 907 3574 agricole,
930 3494 1133 3556 inhabitatori
1159 3509 1190 3556 et
1206 3495 1310 3556 incole
1327 3495 1479 3558 territorii

216 3601 354 3662 civitatis
378 3615 483 3662 nostre
501 3620 537 3661 ac
561 3621 618 3682 per
634 3620 707 3661 eum
727 3601 793 3662 suis
817 3599 989 3662 heredibus
1005 3620 1063 3681 pro
1081 3600 1149 3662 lior.
1174 3601 1302 3662 duobus
1325 3616 1481 3683 perpetuo

216 3708 422 3769 vendidimus
446 3721 476 3768 et
501 3708 720 3788 inscripsimus
737 3706 857 3767 eisdem
888 3707 1138 3788 possidendum
1161 3707 1200 3768 de
1217 3726 1283 3788 quo
1308 3707 1402 3768 nobis
1426 3727 1483 3769 seu

216 3814 438 3875 communitati
464 3829 570 3875 nostre
595 3814 729 3892 singulis
746 3813 838 3873 annis
856 3813 895 3873 ad
920 3814 1108 3874 comitatum
1142 3827 1285 3877 nostrum
1311 3813 1481 3896 provenie-

216 3921 292 3981 bant
315 3920 409 3980 solidi
435 3921 567 4000 viginti,
591 3939 673 4000 quos
697 3939 782 3980 nunc
806 3935 836 3980 et
860 3919 1087 4001 perpetualiter
1115 3939 1173 4002 pro
1198 3918 1328 3999 prefatis
1352 3921 1481 3982 duobus

219 4025 288 4088 flor.
313 4026 544 4089 libertavimus.

322 4132 420 4206 Quod
445 4153 504 4193 nos
529 4134 567 4194 ad
593 4133 789 4215 peticionem
823 4132 958 4213 provide
991 4132 1136 4193 mulieris
1161 4131 1261 4192 Elene
1286 4145 1410 4209 vocate,
1434 4151 1483 4193 re·

214 4239 288 4301 licte
313 4240 450 4301 condam
477 4240 638 4300 Ambrosii
666 4240 778 4300 Brivoz
803 4239 890 4314 dicti,
925 4238 965 4299 de
992 4238 1104 4322 llycza,
1137 4238 1241 4299 incole
1266 4252 1297 4300 et
1322 4238 1482 4301 inhabita·

216 4346 293 4406 totis
317 4347 467 4408 territorii
485 4347 621 4407 civitatis
647 4359 764 4421 nostre,
782 4345 944 4426 quandam
963 4345 1089 4405 vineam
1106 4363 1197 4405 suam
1220 4344 1482 4407 condicionalem

216 4452 248 4514 in
273 4452 434 4513 territorio
460 4468 568 4513 nostro
593 4472 649 4513 seu
674 4452 809 4512 civitatis
835 4450 966 4532 prelate,
997 4451 1093 4511 simul
1119 4469 1190 4511 curn
1217 4449 1356 4531 quadam
1382 4451 1479 4534 parti·

215 4559 286 4622 cula
300 4573 382 4621 terre
397 4559 519 4621 deserte
531 4575 637 4620 nostre
655 4559 1012 4639 communitatis,quam
1028 4557 1132 4618 eidem
1142 4555 1338 4635 addidimus,
1354 4577 1372 4619 a
1389 4569 1479 4639 parte

215 4666 362 4728 orientali
380 4681 410 4727 et
438 4665 641 4727 meridionali
668 4683 766 4744 penes
783 4661 918 4724 fundum
944 4678 973 4724 et
991 4664 1093 4724 eciam
1117 4677 1233 4725 terram
1257 4662 1406 4725 similiter
1424 4661 1481 4727 de·

213 4785 331 4835 sertam
355 4772 483 4856 providi
518 4772 576 4832 viri
602 4771 731 4834 Martini
765 4772 874 4852 generi
909 4767 1104 4852 Trahvlycb
1135 4768 1224 4848 dicti,
1247 4789 1265 4831 a
1290 4783 1380 4853 parte
1404 4789 1482 4835 vero
