3428 5256
285 490 341 530 sue
367 469 524 531 consortis
547 486 708 549 exponere
729 467 855 543 debeat,
874 467 1016 547 reliquos
1033 486 1110 528 vero
1129 467 1210 527 duos
1226 465 1295 529 flor.
1321 468 1391 529 auri
1418 467 1555 549 provide

285 576 393 657 puelle
420 576 521 636 Elena
547 588 669 652 vocate,
693 573 757 633 filie
783 573 926 633 eiusdem
949 574 1096 651 Agnetis,
1122 572 1207 633 idem
1232 572 1394 654 Pangracz
1420 573 1498 637 dare
1523 590 1555 637 et

285 684 409 743 solvere
435 682 596 743 tenebitur
621 695 651 741 et
676 680 735 740 etit
751 680 924 761 obligatus,
950 678 1024 739 ideo
1043 678 1117 740 data
1141 692 1188 739 est
1204 677 1308 739 eidem
1335 678 1427 741 litera
1445 694 1555 742 nostre

285 788 524 851 communitatis
549 786 770 868 privilegialis.

391 894 488 965 (laod
514 894 588 973 quia
615 912 672 953 nos
697 891 912 952 communitas
944 890 1029 951 dicte
1063 890 1200 951 civitatis
1232 889 1395 971 quandam
1421 891 1552 953 vineam

285 1000 422 1061 condam
448 999 571 1060 Nicolai
598 998 775 1081 Galowyclt
801 998 888 1073 dicti,
914 995 1074 1057 manifesti
1095 994 1173 1057 luris
1197 1011 1227 1057 et
1251 994 1478 1075 malefactoris,
1495 998 1553 1079 qui

285 1109 349 1166 suis
374 1128 431 1187 pro
457 1106 620 1166 demeritis
645 1118 690 1164 est
715 1104 745 1163 in
773 1102 917 1183 iratribulo
943 1102 1025 1163 dicte
1051 1102 1189 1163 civitatis
1212 1115 1258 1163 est
1281 1121 1466 1183 suspensus,
1484 1122 1550 1183 que

285 1232 381 1293 super
417 1232 475 1271 nos
509 1211 772 1270 communitatem
806 1209 925 1270 scilicet
958 1223 1056 1267 totam
1090 1222 1136 1269 est
1168 1208 1330 1285 devoluta,
1366 1227 1466 1289 quarn
1492 1230 1553 1271 nos

286 1318 421 1398 provido
447 1318 514 1376 viro
541 1318 687 1376 Emerieo
712 1316 810 1374 sutori
838 1316 972 1375 l)racula
997 1315 1083 1375 dicto
1116 1314 1262 1375 similiter
1287 1314 1412 1375 concivi
1439 1330 1554 1377 nostro

286 1424 351 1483 lilio
379 1422 538 1482 l'alentini
566 1420 729 1501 'l'errhrclt
755 1420 829 1480 dicti
856 1420 895 1479 dc
929 1419 1032 1479 insula
1060 1420 1218 1501 ln'anych,
1243 1440 1279 1481 ac
1304 1438 1359 1501 per
1384 1439 1459 1481 eum
1483 1421 1552 1483 suis

287 1530 458 1589 heredibus
492 1528 521 1586 in
556 1527 716 1585 territorio
751 1542 860 1585 nostro
891 1546 946 1585 seu
979 1525 1115 1586 civitatis
1148 1524 1268 1606 prefate
1302 1526 1383 1586 inter
1419 1526 1552 1589 vincam

287 1634 422 1693 coridoni
450 1634 573 1711 prm-iai
602 1634 657 1691 riri
688 1632 813 1691 blattini
841 1632 918 1690 olim
939 1631 1062 1706 judicis,
1088 1652 1102 1690 a
1130 1631 1222 1712 plaga
1248 1630 1388 1707 australi,
1413 1646 1445 1693 et
1470 1632 1555 1694 inter

286 1740 451 1820 <proiciam
478 1738 629 1799 fossatum
656 1759 710 1799 seu
737 1738 906 1797 decursum
926 1757 1008 1817 aque
1027 1738 1177 1818 pluvialis
1202 1758 1218 1797 a
1244 1752 1332 1819 parte
1355 1736 1552 1801 occidentali

287 1846 429 1906 habiturn
457 1859 486 1906 et
512 1846 712 1920 existentem,
738 1845 875 1925 desuper
904 1868 919 1903 a
947 1846 996 1903 ria
1029 1845 1193 1904 communi
1219 1846 1259 1905 ab
1283 1844 1406 1905 oriente
1432 1844 1553 1923 habita,

286 1968 313 2013 et
342 1952 420 2012 inl'ra
449 1972 547 2031 usque
586 1951 764 2031 predictum
799 1951 968 2010 decursum
1003 1951 1102 2031 ipsius
1133 1970 1215 2031 aqtte
1241 1950 1391 2032 pluvialis
1415 1953 1455 2011 ab
1482 1952 1552 2033 ipsa

286 2059 476 2119 occidentali
504 2072 591 2138 parte
617 2058 803 2116 existentem
838 2072 867 2116 et
901 2056 980 2116 inira
1016 2076 1115 2136 nsque
1150 2071 1264 2116 tertam
1290 2055 1551 2119 condicionalem

288 2182 393 2224 nostre
421 2164 660 2225 communitatis
692 2186 707 2223 ιι
741 2180 828 2244 parte
855 2163 1056 2222 meridionali
1087 2164 1190 2233 sitam,
1215 2183 1287 2223 cum
1313 2162 1402 2225 totali
1429 2164 1551 2241 thlotto

287 2271 391 2330 eidern
412 2272 502 2329 vinee
528 2273 566 2329 ab
592 2270 703 2329 cadent
731 2284 817 2348 pente
837 2270 1041 2328 meridionali
1067 2270 1243 2329 subiacenti
1262 2284 1292 2330 et
1317 2270 1488 2349 pertinenti
1513 2290 1547 2333 se

287 2376 523 2448 cumulantem,
549 2377 764 2449 vendidimus,
798 2375 847 2435 cui
874 2375 945 2435 data
981 2390 1026 2434 est
1060 2375 1149 2436 litera
1175 2390 1280 2436 nostre
1305 2376 1550 2439 communitatis

288 2482 505 2562 privilegialis.

392 2588 488 2655 (lirani
515 2588 590 2665 qaia
624 2606 682 2645 nos
714 2600 779 2647 tota
814 2586 1028 2645 corninunitas
1061 2586 1209 2645 dedimus
1235 2586 1395 2666 quandam
1422 2588 1551 2651 vineam

287 2708 392 2751 nostre
418 2692 658 2752 continunitatis
684 2692 953 2765 coauliciorntlem,
978 2693 1196 2769 uerecundam
1225 2692 1356 2752 Fabiani
1382 2693 1457 2753 dicti
1492 2692 1550 2755 Se-

287 2800 457 2881 berlenyclr
484 2797 653 2878 prefuerat,
679 2813 708 2858 et
734 2812 862 2878 propter
887 2796 1030 2856 eiusdem
1056 2797 1308 2859 desertacionem
1333 2798 1372 2859 ad
1399 2818 1457 2859 nos
1490 2801 1550 2862 sci·

288 2906 360 2964 licet
394 2906 658 2965 cotnmnnitatern
693 2919 738 2964 est
771 2903 933 2977 devoluta,
967 2922 1063 2982 quarn
1097 2922 1154 2961 nos
1187 2904 1323 2983 provido
1349 2906 1417 2965 riro
1445 2906 1552 2969 Blasio

287 3010 426 3087 agricole
454 3010 593 3069 ll'lltech
617 3011 702 3069 dieto
722 3008 925 3069 inhabitatori
952 3008 1100 3067 territorii
1121 3009 1203 3069 dicte
1221 3010 1367 3085 civitatis,
1386 3030 1424 3072 ex
1449 3030 1549 3073 censu

288 3130 393 3174 nostre
418 3116 658 3176 cormnunitutis
684 3114 959 3175 inl'radeclarando
985 3114 1088 3173 eident
1109 3114 1257 3175 dedimus
1282 3130 1311 3175 et
1336 3118 1546 3179 excolendam

288 3237 317 3283 et
341 3223 581 3293 elalnirandatn,
606 3222 803 3301 qucquidem
824 3222 914 3280 vinea
934 3236 978 3279 est
998 3222 1027 3279 in
1057 3222 1217 3282 vicinitate
1243 3222 1387 3283 eiusdem
1414 3224 1549 3285 Wlkecz

288 3330 326 3387 ab
352 3328 473 3387 oriente
499 3342 527 3386 et
555 3328 635 3387 inter
660 3328 784 3389 vitream
814 3328 898 3387 luce
923 3326 1052 3385 sartoris
1072 3328 1189 3399 claudi,
1215 3328 1436 3389 inhabitatoris
1462 3330 1549 3393 dicte

288 3434 434 3497 civitatis.
459 3433 596 3512 desuper
622 3454 638 3492 a
663 3433 892 3513 septemtrione
926 3452 942 3491 ιι
970 3432 1019 3491 ria
1053 3434 1287 3493 circumvicinis
1313 3450 1343 3493 et
1368 3455 1466 3517 usque
1492 3456 1549 3517 pu-

289 3539 404 3598 blicam
431 3540 513 3597 riam
539 3560 556 3597 ιι
583 3554 670 3619 parte
696 3539 898 3599 meridionali
925 3558 958 3597 se
992 3539 1236 3618 protendentem
1262 3556 1292 3599 ct
1317 3562 1349 3601 se
1375 3543 1549 3603 extenden-

288 3660 363 3717 tem,
388 3644 441 3703 tali
469 3664 565 3703 censu
591 3644 762 3717 mediante,
788 3644 875 3723 quod
911 3644 976 3723 ipse
1004 3643 1126 3703 lilasius
1158 3645 1330 3705 decadem
1358 3648 1449 3707 vinea
1474 3667 1549 3709 con-

288 3749 439 3809 dicionali
475 3750 567 3809 nobis
599 3748 719 3809 seilicet
751 3749 972 3809 communitati
1005 3750 1087 3809 dicte
1120 3750 1256 3811 civitatis
1288 3772 1343 3811 seu
1378 3754 1550 3814 comitibus

289 3855 405 3915 nostris
428 3876 487 3935 pro
512 3870 656 3935 tempore
675 3854 855 3916 constitutis
873 3854 912 3914 de
937 3854 1048 3915 eadem
1068 3856 1159 3915 vinea
1185 3872 1256 3916 ante
1283 3858 1548 3920 recolleccionent

288 3980 422 4021 uvarum
448 3962 583 4039 singulis
616 3962 707 4019 arianis
738 3962 938 4039 temporibus
971 3962 1131 4040 perpetuis
1157 3966 1255 4020 ranst:
1280 3964 1355 4023 clare
1389 3966 1549 4027 tenebitur

288 4082 318 4127 et
343 4068 390 4127 sui
416 4086 613 4127 successores
644 4081 736 4127 erunt
761 4066 914 4141 obligato
938 4065 987 4125 cui
1014 4065 1085 4125 data
1121 4083 1165 4126 est
1202 4068 1290 4129 litera
1322 4083 1428 4131 nostre
1462 4090 1549 4130 com-

288 4172 452 4233 munitatis
477 4172 695 4251 privilegialis.
