3428 5256
792 239 938 300 Rationes.

663 449 1038 516 MCCCCLXXXXllll.

326 596 403 658 ltem
428 596 459 657 in
486 595 565 656 festo
591 595 706 658 Felicis
728 595 759 656 in
792 595 906 677 pincis,
940 593 1076 657 domino
1102 593 1241 656 Iohanni
1274 595 1410 658 custodi
1439 615 1509 679 pro

221 700 454 777 reformacione
479 701 604 762 scriniis
628 716 659 762 et
684 700 807 779 ceteris,
832 700 872 762 ad
897 702 993 761 verba
1021 699 1148 762 domini
1172 697 1329 762 lobannis
1355 698 1506 763 Camar-

222 809 324 870 censis
347 810 387 868 de
414 806 566 869 mandato
592 808 812 886 dominorum,
836 806 910 869 dedi
953 855 986 871 ..
1013 805 1081 870 flor.
1107 805 1155 869 111.

690 1001 1036 1064 MCCCCLXXXXV.

220 1130 221 1134 ¹
328 1145 405 1206 ltem
433 1145 515 1205 circa
542 1143 656 1205 festum
683 1145 766 1205 beati
792 1143 920 1205 Martini
953 1162 1011 1224 pro
1035 1140 1271 1204 reformacione
1296 1142 1499 1226 campanilis

222 1271 322 1332 usque
348 1249 463 1311 festum
489 1250 580 1311 beate
606 1249 727 1312 Cecilie
753 1251 785 1311 in
810 1249 944 1311 diversis
967 1249 1112 1311 terminis
1138 1248 1309 1330 complevi,
1334 1268 1373 1310 ex
1399 1268 1494 1311 corn·

223 1357 375 1417 missione
400 1356 620 1433 dominorum,
645 1357 799 1436 magistro
813 1353 913 1418 Paulo
935 1355 976 1417 de
1001 1355 1161 1418 lwanich.
1180 1404 1185 1417 .
1205 1403 1211 1418 .
1235 1352 1304 1419 flor.
1328 1353 1379 1421 ill.

330 1463 407 1522 ltem
433 1462 550 1523 abhinc
575 1481 676 1542 usque
702 1460 817 1522 festum
843 1464 934 1523 beate
959 1462 1058 1523 Lucie
1083 1461 1188 1523 eidem
1214 1460 1367 1541 magistro
1385 1460 1494 1523 Paulo

224 1568 351 1628 racione
375 1566 488 1628 eadem
512 1568 689 1628 successive
714 1567 834 1629 dedi..
857 1569 947 1631 ,flou
971 1566 1064 1650 llll„

329 1673 404 1733 ltem
430 1672 572 1734 secundo
597 1673 648 1734 die
674 1676 765 1735 beate
791 1675 888 1735 Lucie
907 1674 1115 1757 carpentariis
1139 1672 1330 1754 campanilis
1353 1675 1492 1737 absente

226 1779 295 1859 ipso
322 1779 474 1858 magistro
501 1778 600 1839 Paulo
625 1779 698 1839 dedi
724 1799 782 1861 pro
807 1779 1046 1842 claviculis...
1071 1779 1129 1841 sol.
1152 1778 1220 1842 XV.

331 1884 407 1945 item
433 1885 553 1945 eisdem
580 1885 662 1946 circa
688 1886 829 1966 predicta
853 1885 1002 1949 dedi...
1026 1886 1085 1948 sol.
1111 1885 1148 1948 X.

332 1989 407 2051 ltem
435 1991 465 2050 in
492 1976 633 2071 profesto
657 2011 679 2055 s.
697 1990 818 2053 Cecilie
837 1991 984 2073 lapicidis
1001 2011 1058 2072 pro
1076 1990 1239 2073 lapidibus
1262 1989 1411 2051 secandis
1427 2008 1491 2072 pro

226 2096 328 2175 gradu
355 2095 478 2177 lapides
503 2096 534 2156 in
552 2097 642 2174 turri,
659 2097 698 2157 ad
718 2096 905 2157 mandatum
924 2095 1047 2157 domini
1066 2096 1175 2157 vicarii
1194 2096 1266 2157 dedi
1287 2146 1292 2158 .
1312 2145 1318 2157 .
1337 2143 1344 2159 .
1362 2094 1432 2157 flor.
1452 2093 1490 2160 ll.

332 2203 408 2262 ltem
433 2203 575 2264 secundo
600 2204 652 2264 dic
678 2206 769 2265 beate
806 2204 906 2265 Lucie
938 2204 1058 2266 eisdem
1093 2203 1166 2264 dedi
1189 2203 1229 2264 ad
1262 2205 1356 2265 verba
1382 2202 1489 2264 domi·

225 2328 417 2372 norum...
443 2309 510 2372 flor.
536 2310 570 2372 ll.
1106 2303 1108 2308 Α

678 2450 1035 2518 MCCCCLXXXXVl.

333 2594 407 2656 ltem
435 2595 466 2656 in
492 2594 572 2656 festo
597 2597 763 2656 beatorum
790 2594 924 2655 Fabiani
958 2609 988 2655 et
1013 2594 1192 2656 Sebastiani
1219 2593 1384 2655 martirum
1410 2592 1489 2675 ipsis

227 2701 373 2782 lapicidis
398 2702 525 2762 racione
551 2703 669 2781 previa,
694 2701 733 2762 ad
759 2702 854 2761 verba
880 2700 1087 2761 dominorum
1105 2700 1257 2762 videlicet
1282 2698 1437 2782 Prepositi
1457 2713 1489 2761 et

228 2808 433 2884 kathedram,
458 2808 610 2872 dedi...
637 2808 705 2869 flor.
733 2807 766 2868 ll.

334 2915 409 2974 ltem
436 2914 588 2992 magistro
615 2914 779 2994 Stephano
807 2914 846 2973 de
872 2912 978 2974 Crisio
1011 2911 1131 2974 restitui
1158 2909 1228 2974 flor.
1253 2929 1366 2988 unum,
1390 2928 1490 2991 quem

227 3021 358 3081 dederat
382 3020 589 3101 carpentariis
615 3021 645 3080 in
671 3019 921 3099 campanili...
948 3018 1016 3080 llor.
1046 3018 1063 3083 l.

334 3147 409 3207 item
437 3147 466 3206 in
495 3144 574 3205 festo
599 3166 623 3208 s.
650 3144 845 3206 Scholastice
879 3144 1022 3224 virginis,
1048 3144 1200 3222 magistro
1226 3140 1386 3223 Gregorio
1411 3140 1491 3222 lapi·

227 3254 297 3314 cide
322 3253 360 3312 ad
387 3254 480 3312 verba
507 3251 630 3311 domini
658 3251 813 3311 iohannis
830 3251 973 3310 custodis
994 3249 1068 3310 dedi
1087 3268 1145 3331 pro
1169 3247 1270 3328 gradu
1296 3248 1328 3307 in
1352 3246 1430 3307 turri

230 3359 298 3420 lior.
327 3359 394 3417 XX.

336 3463 411 3522 ltem
439 3463 579 3523 secundo
605 3462 655 3522 die
682 3477 752 3543 post
778 3461 892 3522 festum
920 3464 950 3525 b.
976 3461 1086 3539 Marci,
1111 3461 1217 3524 eidem
1243 3461 1395 3542 magistro
1413 3457 1490 3521 Gre-

227 3571 319 3651 gorio
345 3570 482 3650 lapicide
516 3568 663 3629 similiter
696 3589 752 3649 pro
784 3570 886 3649 gradu
920 3570 950 3630 in
984 3570 1060 3632 turri
1095 3568 1169 3630 dedi
1202 3589 1238 3630 ex
1264 3566 1492 3630 commissione

228 3678 434 3738 dominorum
457 3726 462 3737 .
483 3724 515 3738 ..
541 3675 609 3738 llor.
634 3674 715 3738 XVI.

336 3800 412 3862 ltem
440 3801 519 3860 inira
545 3813 673 3859 octavas
699 3800 804 3876 Pasce,
837 3800 969 3880 quando
995 3800 1182 3862 murubatur
1202 3799 1321 3880 gradus
1345 3799 1375 3861 in
1401 3797 1493 3875 turri,

229 3927 286 3987 pro
311 3906 458 3967 emendis
483 3906 621 3981 chordis,
646 3906 833 3987 capisteriis,
861 3907 928 3968 tina
952 3921 983 3968 et
1008 3926 1070 3967 una
1097 3905 1168 3987 pala
1193 3906 1312 3968 zindici
1338 3905 1490 3970 dedi...

228 4015 287 4077 sol.
314 4013 424 4074 XXlll.

674 4136 1046 4202 MCCCCLXXXXVll.

335 4281 411 4342 item
438 4283 469 4341 in
504 4279 583 4342 festo
612 4280 766 4342 Anthouii
800 4277 991 4341 confessoris
1014 4280 1055 4341 ad
1085 4281 1181 4343 verba
1207 4280 1414 4341 dominorum
1440 4280 1492 4340 lo·

229 4388 342 4449 hannis
367 4387 551 4448 Goricensis
576 4403 606 4448 et
631 4386 763 4467 Georgii
783 4386 893 4464 Berlin,
918 4385 1231 4465 archidiaconorum,
1257 4385 1331 4446 dedi
1356 4385 1492 4447 domino

230 4493 364 4554 lohanni
391 4493 515 4553 custodi
542 4513 599 4575 pro
624 4493 769 4554 emendis
795 4491 919 4553 vexillis
936 4491 974 4552 ad
993 4512 1102 4554 cruces
1126 4493 1343 4555 minores...
1369 4491 1438 4554 flor.
1455 4492 1492 4555 V.

332 4598 408 4662 Item
435 4601 465 4660 in
493 4599 573 4663 festo
598 4600 740 4661 Simonis
765 4612 796 4660 et
820 4597 900 4659 lude
925 4598 1147 4681 apostolorum
1177 4598 1251 4660 dedi
1276 4596 1411 4658 domino
1436 4599 1489 4658 lo·

228 4707 324 4768 hanni
343 4706 466 4767 custodi
486 4726 543 4788 pro
561 4706 746 4768 elevacione
764 4704 872 4767 altaris
890 4703 974 4766 beati
995 4703 1134 4768 Ladislai
1159 4704 1244 4787 regis
1261 4752 1268 4768 .
1283 4748 1318 4768 ..
1341 4700 1411 4766 flor.
1431 4703 1493 4770 llll.
