3428 5256
263 356 279 396 2
785 339 983 416 Ann01471.

260 553 299 611 ab
323 551 501 628 occidente,
519 550 640 611 habitas
657 564 688 611 et
712 550 890 628 existentes,
915 551 1053 614 mediam
1072 552 1104 613 in
1129 565 1197 613 toto
1221 552 1342 614 curiam
1362 553 1402 614 ad
1426 572 1523 614 usum

260 657 342 718 dicte
367 657 502 718 civitatis
527 657 558 717 in
583 676 616 717 se
644 655 872 735 continentem,
901 658 1088 739 porcionem
1117 658 1267 719 videlicet
1295 678 1396 737 suam,
1422 677 1522 720 unam

260 778 406 844 quartam
424 763 505 823 inse
531 762 759 839 continentem,
784 764 874 824 cuius
891 764 986 824 aliam
1005 765 1210 827 medietatem
1236 765 1380 827 eiusdem
1405 765 1527 827 domus

260 882 382 930 murate
407 867 563 950 fundique
588 882 619 930 et
642 867 874 946 hedificiorum,
899 870 1006 931 aliam·
1021 885 1167 951 quartam
1193 871 1279 933 curie
1303 871 1336 932 in
1360 890 1392 933 se
1417 871 1526 933 couti·

260 989 389 1036 nentem
426 975 579 1056 providus
603 976 650 1034 vir
675 974 851 1055 Gregorius
875 975 1015 1057 pellifex,
1040 978 1145 1038 senior
1177 977 1298 1059 juratus
1322 991 1352 1040 et
1381 977 1526 1040 concivis

260 1095 377 1159 noster,
395 1080 479 1142 lilius
504 1081 640 1142 condam
657 1080 786 1162 Georgii
814 1082 1017 1161 balneatoris,
1043 1083 1216 1145 literatorie
1249 1084 1424 1145 dinoscitur
1448 1103 1525 1166 pos·

260 1187 375 1264 sidere,
393 1185 516 1268 prelato
542 1186 701 1267 Gregorio
725 1185 854 1269 pellifici
881 1187 947 1249 lilio
962 1189 1175 1272 Wrabchycz,
1207 1210 1243 1252 ac
1268 1210 1324 1272 per
1355 1210 1429 1252 eum
1454 1190 1522 1252 suis

260 1293 433 1354 heredibus
457 1313 514 1375 pro
544 1293 656 1373 viginti
682 1293 750 1356 flor.
776 1294 843 1354 auri
869 1295 1064 1356 vendidisset
1085 1310 1115 1357 et
1147 1297 1334 1360 contulisset
1357 1297 1424 1379 jure
1448 1316 1521 1379 per·

260 1414 358 1481 petuo
377 1413 407 1460 et
422 1399 672 1461 irrevocabiliter
685 1400 932 1481 possidendam,
946 1402 1116 1464 tenendem
1129 1404 1247 1485 pariter
1264 1419 1294 1465 et
1317 1403 1519 1479 habendam3

261 1506 399 1587 ideoque
432 1526 490 1567 nos
522 1506 696 1587 predictam
729 1520 829 1567 totam
864 1506 997 1567 domum
1031 1508 1061 1568 in
1095 1528 1195 1570 unum
1228 1510 1460 1589 combinantes,
1484 1531 1523 1571 ex

260 1613 432 1694 premissis,
456 1612 561 1673 eidem
588 1611 746 1693 Gregorio
771 1611 901 1694 pellifici
927 1633 963 1674 ac
980 1633 1035 1695 per
1060 1614 1159 1695 (eum)
1176 1616 1241 1676 suis
1265 1615 1437 1678 heredibus
1461 1631 1523 1677 sta·

260 1719 379 1779 tuimus
403 1733 433 1778 et
458 1718 557 1779 literis
581 1719 696 1779 nostris
720 1719 812 1779 novis
836 1718 1109 1781 confirmavimus

366 1824 464 1898 Quod
488 1824 561 1885 licet
592 1825 674 1885 inter
705 1825 868 1885 Andream
901 1825 1061 1886 literatum
1095 1825 1195 1887 lilium
1231 1829 1369 1889 condam
1403 1826 1523 1889 Mathie

260 1930 386 2007 sutoris,
410 1929 489 1990 olim
515 1930 656 1991 concivis
680 1930 789 2006 nostri,
814 1929 869 1991 filit
899 1930 1085 2010 Laczkonis,
1105 1932 1145 1994 de
1170 1933 1241 1994 vico
1264 1946 1410 1996 sutorum
1435 1947 1524 1996 exte·

261 2036 335 2099 riori
362 2036 445 2097 dicte
470 2036 616 2113 civitatis,
649 2038 687 2097 ab
719 2057 794 2113 una,
827 2051 914 2117 parte
946 2037 1105 2117 siquidem
1136 2040 1176 2100 ab
1208 2039 1306 2102 altera
1332 2039 1524 2101 Ambrosius

260 2157 349 2203 sutor
374 2142 496 2203 Malecz
522 2143 624 2203 dictus
648 2144 790 2205 sororius
823 2142 973 2204 videlicet
1005 2143 1149 2205 eiusdem
1181 2145 1309 2206 Andree
1334 2145 1462 2223 literati,
1487 2159 1522 2206 ut

261 2251 291 2310 in
317 2269 445 2311 causam
470 2263 630 2327 attractus,
655 2249 783 2311 racione
808 2263 839 2310 et
863 2261 1007 2330 pretextu
1032 2250 1198 2311 cuiusdam
1223 2250 1339 2312 domus
1364 2265 1394 2314 et
1417 2250 1523 2313 civilis

261 2355 372 2438 prelati
398 2357 535 2418 condam
567 2356 686 2418 Mathie
718 2356 835 2417 sutoris
867 2355 963 2436 patris
996 2356 1094 2437 ipsius
1126 2357 1254 2417 Andree
1279 2356 1394 2419 literati
1432 2357 1471 2418 lis
1492 2370 1524 2419 et

262 2464 483 2524 contenciunis
520 2463 651 2525 materia
685 2477 771 2523 mota
804 2461 930 2537 luisset3
963 2474 1069 2523 tamen
1103 2462 1215 2522 eedem
1256 2477 1361 2544 partes
1395 2463 1523 2524 racione

261 2570 403 2629 eiusdem
429 2571 556 2645 domus,
582 2567 738 2650 fundique
771 2583 801 2628 et
833 2565 1056 2628 hedificiorum
1088 2568 1193 2629 taliter
1226 2569 1306 2629 inter
1330 2589 1363 2630 se
1389 2588 1521 2630 concor·

260 2676 388 2737 <lassent
411 2695 517 2737 coram
544 2675 647 2752 nobis,
671 2675 758 2755 quod
784 2674 903 2734 directa
921 2688 952 2734 et
976 2674 1098 2754 equalis
1116 2674 1271 2736 medietas
1292 2675 1374 2737 dicte
1392 2675 1522 2753 domus,

261 2782 417 2862 fundique
443 2798 472 2843 et
490 2780 724 2858 hedificiorum,
742 2800 837 2840 unam
859 2793 1006 2841 octavam
1031 2780 1117 2841 curie
1136 2781 1165 2841 in
1191 2800 1223 2841 se
1248 2782 1427 2860 continens,
1446 2801 1517 2843 cum

261 2889 352 2948 certis
369 2888 434 2948 suis
452 2888 643 2949 utilitatibus
662 2887 744 2947 idem
765 2886 908 2947 Andreas
933 2886 1088 2964 literatus,
1106 2906 1169 2947 non
1195 2888 1395 2949 obstantibus
1420 2888 1519 2949 literis

259 2991 419 3054 Johannis
443 2994 557 3072 judicis
581 2993 637 3054 lilii
665 2994 744 3055 l'ero
762 3013 858 3074 super
876 2993 989 3055 eodem
1009 2994 1093 3054 civili
1120 3013 1178 3075 pro
1203 3010 1290 3075 parte
1316 2996 1415 3076 ipsius
1440 3000 1518 3056 Am·

262 3101 360 3160 brosii
386 3101 502 3160 sutoris
520 3100 691 3180 superinde
716 3099 881 3177 conlectis,
899 3120 978 3179 quas
995 3121 1091 3161 vanas
1108 3101 1340 3179 commisimus,
1365 3115 1521 3183 perpetuo

261 3206 454 3287 possidenda
479 3222 555 3281 etc.;
581 3207 642 3266 alia
668 3225 798 3286 quoque
825 3206 980 3267 medietas
1012 3207 1094 3268 dicre
1127 3207 1243 3267 domus
1267 3227 1323 3288 per
1344 3206 1521 3270 antelatum

262 3314 469 3373 Ambrosium
495 3328 647 3389 sutorem,
673 3327 794 3393 patrem
820 3313 970 3375 videlicet
997 3314 1157 3375 Dorothee
1192 3315 1297 3395 puelle
1323 3336 1359 3376 ex
1385 3315 1522 3377 condam

261 3420 394 3500 provida
428 3420 562 3480 muliere
596 3419 697 3479 Elena
730 3436 853 3496 vocata,
886 3440 995 3481 sorore
1028 3421 1126 3501 ipsius
1155 3419 1258 3482 fratris
1290 3423 1460 3501 Augustini
1494 3435 1525 3483 et

262 3527 387 3586 Andree
414 3527 541 3603 literati,
568 3527 745 3606 progenite,
770 3526 833 3586 vita
855 3526 1020 3587 dumtaxat
1052 3526 1196 3586 eiusdem
1221 3526 1382 3586 Ambrosii
1408 3527 1524 3587 sutoris

261 3634 389 3710 comite,
416 3652 479 3692 non
506 3634 651 3693 obstante
676 3648 777 3691 morte
804 3630 923 3713 prelate
943 3630 1104 3692 Dorothee
1128 3629 1192 3692 filie
1217 3630 1365 3691 similiter
1388 3650 1457 3707 sue,
1482 3633 1523 3691 si-

261 3740 379 3801 militer
404 3738 576 3800 tenendam
603 3738 733 3799 habebit
758 3736 963 3810 facultatem;
989 3735 1049 3796 hoc
1079 3748 1185 3797 tamen
1209 3732 1408 3817 specificato:
1434 3737 1521 3816 quod

261 3845 416 3906 medietas
441 3845 523 3905 dicte
549 3843 676 3920 domus,
702 3842 792 3904 fundi
826 3856 856 3903 et
891 3838 1114 3902 hedificiorum
1141 3860 1196 3923 per
1230 3854 1418 3901 annotatum
1447 3847 1522 3902 Arn-

261 3953 403 4012 hrosium
429 3965 569 4011 sutorem
602 3966 631 4011 et
664 3962 850 4010 annotatam
882 3945 1079 4008 Dorotheum
1112 3946 1210 4007 liliam
1243 3947 1386 4008 eiusdem
1413 3949 1521 4027 legari,

261 4057 399 4137 disponi,
426 4057 607 4117 nullatenus
632 4057 671 4116 ab
704 4055 773 4135 ipso
796 4052 924 4115 Andrea
957 4052 1083 4114 literato
1116 4052 1232 4133 poterit
1261 4072 1366 4133 neque
1392 4054 1521 4130 valebit,

261 4164 315 4224 sed
341 4164 364 4223 si
392 4164 527 4225 eandem
556 4161 751 4223 Dorotheum
777 4162 898 4242 absque
916 4158 1069 4220 heredum
1087 4158 1208 4221 solacio
1232 4160 1313 4220 mori
1341 4160 1521 4239 contigerit,

260 4270 347 4350 quod
373 4286 448 4330 tunc
474 4285 543 4352 post
569 4283 705 4329 mortem
732 4268 873 4349 ipsorum
908 4264 1069 4326 Ambrosii
1103 4278 1134 4324 et
1160 4264 1322 4327 Dorothee
1348 4266 1521 4346 disposicio

261 4376 359 4456 ipsius
382 4377 489 4438 totalis
514 4376 630 4436 domus
653 4375 684 4434 in
718 4370 874 4455 prelatum
900 4369 1063 4433 Andream
1094 4369 1222 4432 devolvi
1248 4385 1279 4431 et
1304 4371 1518 4433 condescendi

261 4481 390 4541 debebit
417 4482 485 4563 ipso
512 4480 605 4543 lactu.

366 4588 463 4660 Quod
490 4589 564 4668 quia
590 4607 649 4648 nos
671 4599 738 4648 tota
762 4584 977 4647 communitas
994 4582 1200 4645 vendidimus
1232 4584 1397 4664 quoddam
1424 4584 1520 4645 fenile

262 4708 366 4755 nostre
391 4692 632 4755 communitatis
656 4692 688 4753 in
705 4688 866 4755 territorio
887 4688 973 4755 dicte
988 4688 1125 4753 civitatis
1141 4688 1370 4769 condicionali,
1392 4703 1422 4752 et
1442 4691 1523 4752 inter

262 4797 372 4861 fenilia
390 4798 538 4861 similiter
562 4814 669 4861 nostre
693 4796 935 4861 communitatis
964 4792 1214 4874 condicionalis,
1245 4812 1355 4879 putea
1380 4796 1524 4880 pertibus
