3428 5256
256 347 300 408 40
789 328 875 385 Anno
898 322 991 406 1478.

257 560 273 601 a
298 553 386 622 parte
411 553 518 601 autem
541 536 796 620 septemtrionali
822 557 920 619 penes
945 536 1081 599 fundum
1100 556 1157 598 seu
1181 536 1276 599 civile
1293 538 1352 599 viri
1376 538 1527 601 similiter

256 645 383 728 providi
409 646 507 707 Marci
532 644 651 706 sutoris
674 642 821 705 similiter
850 643 992 706 concivis
1024 643 1123 704 nostri
1148 642 1295 705 habitum
1319 658 1351 707 et
1374 645 1525 724 existens,

256 753 357 834 ipsam
391 750 543 813 videlicet
576 750 743 811 mulierem
775 749 914 811 condam
948 749 1095 811 Elizabet
1126 747 1240 812 Glazia
1275 762 1419 811 vocatam
1451 766 1527 833 post

256 871 393 920 mortem
418 856 494 919 dicti
520 855 658 919 condam
683 855 812 917 Thome
843 856 961 918 sutoris
993 856 1097 917 ultimi
1131 855 1236 917 mariti
1262 856 1311 917 sui
1337 855 1405 936 jure
1430 856 1524 938 legit·

256 963 337 1025 timo
361 975 391 1024 et
415 962 611 1024 successorio
636 975 895 1041 concernentem‚
919 962 1024 1044 ipsum
1057 974 1165 1024 autem
1190 960 1328 1024 condam
1353 960 1519 1025 Thomam

255 1083 396 1131 sutorem
423 1068 575 1130 ultimum
608 1067 758 1129 maritum
790 1066 934 1128 eiusdem
967 1067 1105 1129 condam
1146 1066 1292 1128 Elizabet
1326 1065 1438 1129 Glazia
1463 1087 1520 1130 vo·

257 1189 337 1254 cate,
372 1175 413 1236 ab
447 1173 558 1236 eadem
603 1172 740 1234 condam
773 1172 919 1235 Elizabet
952 1172 1064 1235 Glazia
1096 1187 1226 1252 vocata,
1261 1187 1416 1256 tempore,
1452 1194 1519 1257 quo

255 1283 345 1359 olim,
370 1282 448 1343 dum
473 1300 562 1342 more
587 1299 719 1342 romane
745 1280 878 1342 ecclesie
896 1279 1021 1342 fuerant
1038 1280 1319 1344 matrimonialiter
1343 1281 1519 1362 conjuncti,

256 1391 298 1450 ob
324 1407 468 1449 amorem
492 1387 607 1469 copule
632 1386 811 1467 conjugalis
842 1401 872 1448 et
897 1401 1004 1449 mutee
1033 1387 1219 1449 dileccionis
1244 1407 1354 1452 amore
1387 1390 1517 1471 proprie

256 1507 287 1555 et
310 1494 465 1575 legittime
490 1492 558 1572 jure
591 1493 780 1554 donacionis
813 1507 1080 1572 concernentem‚
1113 1507 1208 1576 prout
1235 1493 1296 1557 hoc
1319 1496 1351 1557 in
1376 1496 1517 1577 quadam

256 1600 348 1661 litera
373 1612 480 1660 nostra
504 1618 560 1660 seu
589 1598 725 1660 civitatis
757 1612 925 1680 prenotate
957 1599 1149 1681 privilegiali
1182 1614 1327 1683 tempore
1359 1601 1518 1682 judicatus

256 1705 314 1766 viri
346 1705 494 1766 similiter
525 1704 746 1785 circumspecti
779 1718 810 1766 et
842 1704 967 1766 honesti
1000 1704 1143 1768 Conradi
1179 1706 1310 1768 Rawsar
1344 1707 1439 1787 dicti,
1463 1707 1520 1770 filii

254 1811 363 1888 Vlrici,
388 1809 525 1871 condam
545 1809 661 1889 judicis
685 1823 716 1871 et
732 1811 875 1871 concivis
892 1812 990 1873 nostri
1016 1812 1054 1872 de
1085 1831 1170 1872 anno
1188 1813 1320 1874 Domini
1346 1813 1520 1876 millesimo

255 1916 574 1998 quadringentesimo
591 1916 862 1998 quinquagesimo
884 1931 974 1979 sexto
999 1916 1130 1980 infesto
1155 1919 1239 1979 beati
1265 1918 1425 1981 Francisci
1444 1939 1519 1983 con·

256 2021 383 2083 sessoris
407 2021 607 2103 aliquamdiu
633 2022 802 2103 preteritis,
827 2042 884 2104 pro
909 2037 997 2104 parte
1027 2024 1125 2104 ipsius
1149 2023 1287 2085 condam
1313 2024 1442 2087 Thome
1466 2046 1519 2088 su·

253 2127 331 2189 toris
347 2125 405 2188 filii
422 2126 559 2188 condam
586 2126 683 2188 Blasii
708 2127 747 2189 de
773 2127 942 2207 Rakonok,
966 2128 1046 2190 olim
1064 2128 1169 2191 ultimi
1195 2130 1299 2190 mariti
1325 2130 1423 2212 ipsius
1441 2149 1518 2193 con·

253 2233 327 2295 dam
346 2233 491 2295 Elizabet
509 2232 621 2295 Glszis
639 2247 750 2294 vocate
767 2234 939 2314 superinde
956 2234 1100 2298 conlecta
1121 2249 1152 2296 et
1176 2250 1333 2315 emanata,
1350 2257 1386 2299 ae
1407 2256 1516 2300 coram

254 2340 348 2402 nobis
372 2340 404 2401 in
428 2340 534 2422 specie
558 2339 713 2422 producta
739 2360 885 2422 expresse
909 2341 1049 2403 vidimus
1073 2342 1240 2421 contineri,
1265 2363 1336 2405 cum
1362 2344 1514 2407 omnibus

252 2445 397 2508 eiusdem
422 2445 538 2507 domus
563 2459 593 2506 et
617 2444 709 2507 fundi
734 2465 770 2507 ac
795 2446 909 2525 civilis,
933 2467 1061 2509 necnon
1091 2448 1177 2509 curie
1202 2463 1232 2511 et
1257 2449 1365 2511 celarii
1389 2451 1514 2512 subter-

254 2553 342 2614 ranei
368 2554 427 2612 sub
452 2552 566 2612 eadem
599 2551 699 2612 domo
732 2553 906 2630 existentis,
939 2553 1163 2634 pertinenciis,
1187 2553 1321 2634 juribus,
1353 2555 1464 2617 usibus
1488 2571 1519 2620 et

253 2656 419 2736 fructibus,
443 2658 540 2719 simul
565 2676 637 2719 cum
656 2657 825 2719 medietate
843 2658 979 2719 cisterne
1001 2673 1032 2720 et
1050 2660 1112 2721 loci
1130 2660 1299 2722 necessarii
1325 2680 1381 2722 seu
1399 2662 1519 2741 cloace,

253 2765 298 2826 uti
324 2765 440 2826 dicitur
464 2765 495 2825 in
514 2764 658 2847 predicto
678 2763 779 2826 fundo
804 2763 917 2846 prefati
941 2764 1093 2827 Demetrii
1112 2768 1241 2828 sartoris
1258 2767 1353 2829 vicini
1372 2767 1517 2832 eiusdem

252 2871 354 2932 civilis
379 2884 409 2932 et
433 2870 549 2932 domus
573 2871 753 2933 habitarum
780 2885 810 2933 et
834 2872 1055 2950 existencium,
1087 2893 1122 2935 ac
1155 2893 1230 2934 cum
1253 2874 1356 2936 libero
1381 2894 1441 2937 usu
1466 2894 1518 2938 ea·

253 2976 400 3037 rumdam
426 2978 495 3038 viro
519 2976 667 3038 similiter
699 2977 836 3059 provido
874 2990 904 3038 et
936 2976 1071 3040 honesto
1104 2978 1263 3061 Gregorio
1296 2979 1424 3062 pellifici
1450 2980 1518 3044 filio

255 3083 382 3143 Andree
408 3083 562 3165 Mayxnar
588 3083 662 3144 dicti
688 3083 728 3144 de
753 3084 878 3144 Leencz
903 3085 942 3144 de
965 3085 1141 3164 Kariathia,
1167 3087 1292 3147 concivi
1318 3101 1438 3165 nostro,
1456 3107 1515 3169 pro

253 3185 365 3266 viginti
391 3188 535 3269 quinque
559 3187 628 3251 flor.
646 3190 725 3266 auri,
750 3190 833 3270 puri,
859 3190 985 3252 boniet
1008 3191 1081 3271 justi
1106 3192 1269 3273 ponderis,
1294 3213 1349 3274 per
1375 3193 1517 3256 eundem

254 3293 348 3354 nobis
372 3292 466 3374 plene
491 3307 522 3354 et
546 3294 667 3375 integre
687 3296 868 3377 persolutis,
887 3296 926 3356 ad
945 3316 1020 3357 usus
1040 3298 1201 3378 predictos
1224 3318 1281 3380 per
1306 3319 1364 3360 nos
1389 3299 1516 3381 dispen-

252 3398 359 3459 sandis
383 3412 414 3460 et
438 3400 609 3480 erogandis
626 3420 663 3461 ac
681 3402 954 3464 amministrandis
971 3404 1177 3465 vendidimus
1193 3419 1224 3466 et
1241 3406 1513 3488 perpetuavimus,

252 3504 445 3567 donavimus
469 3520 499 3566 et
523 3506 683 3585 dedimus,
709 3508 809 3570 immo
834 3510 1015 3588 vendimus,
1048 3511 1207 3572 donamus
1231 3526 1261 3572 et
1287 3526 1516 3594 perpetuamus

250 3611 317 3692 jure
342 3627 499 3693 perpetuo
524 3625 554 3674 et
579 3613 830 3676 irrevocabiliter
853 3635 908 3696 per
926 3617 1065 3679 eundem
1091 3630 1121 3677 et
1145 3637 1221 3678 suos
1245 3617 1378 3678 heredes
1401 3631 1432 3680 et
1457 3638 1514 3700 po·

250 3717 406 3780 steritates
431 3720 597 3780 universos
621 3719 809 3800 tenendum,
826 3722 1056 3803 possidendum
1076 3723 1193 3804 pariter
1217 3737 1248 3785 et
1273 3724 1457 3785 habendum
1484 3740 1516 3786 et

252 3823 338 3885 iuxta
356 3838 462 3885 nostre
479 3825 636 3887 libertatis
653 3826 849 3888 laudabilem
868 3828 1132 3890 consvetudinem
1153 3830 1183 3889 in
1203 3831 1265 3891 vita
1284 3831 1334 3891 vel
1361 3830 1390 3890 in
1410 3845 1513 3892 morte

251 3929 560 4011 quomodocumque
577 3931 714 3992 voluerit
731 3931 987 4015 disponendum
1005 3934 1095 3995 litere
1113 3955 1198 4013 vero,
1222 3936 1247 3997 si
1265 3957 1327 4018 que
1346 3938 1377 3997 in
1397 3937 1509 3999 batum

251 4035 446 4097 contrarium
471 4051 618 4099 emanate
644 4035 772 4114 luerint,
805 4039 860 4100 has
892 4040 968 4101 dum
994 4040 1033 4101 ad
1067 4042 1172 4102 lucem
1199 4043 1398 4121 devenerint,
1423 4064 1510 4105 com-

252 4141 408 4203 mittimus
431 4160 544 4221 cassas,
570 4162 667 4204 vanas
690 4157 721 4204 et
752 4141 883 4206 frivolas
908 4162 938 4207 et
970 4148 1122 4209 omnibus
1153 4149 1274 4210 viribus
1298 4169 1407 4211 earum
1434 4152 1513 4213 cari·

250 4262 345 4311 turae.
371 4247 404 4310 ln
429 4249 520 4310 cuius
543 4250 587 4311 rei
614 4250 815 4329 memoriam,
841 4251 1087 4334 firmitatemque
1107 4268 1292 4336 perpetuam
1312 4259 1513 4337 presentibus

250 4353 350 4415 literis
373 4352 488 4418 nostris
512 4354 768 4438 privilegialibus
797 4357 939 4439 sigillum
973 4373 1116 4420 nostrum
1150 4379 1323 4421 commune
1349 4381 1437 4423 more
1462 4384 1512 4425 so·

249 4459 308 4523 lito
326 4473 514 4524 consvetum
531 4462 681 4523 duximus
697 4463 958 4544 appendendum.
978 4464 1095 4525 Datum
1114 4465 1191 4526 feria
1208 4466 1348 4527 secunda
1366 4470 1510 4550 proxima

249 4579 322 4649 post
345 4564 544 4631 dominicam
570 4569 693 4632 Letare.
719 4572 815 4630 Anno
841 4568 972 4631 Domini
998 4571 1170 4633 millesimo
1194 4570 1512 4655 quadringentesimo

248 4672 487 4767 septuagesimo
510 4686 635 4739 octavo

777 4796 985 4823 F—W*
