3428 5256
777 294 925 354 Ratr'ones.

304 510 434 572 Andree
460 509 665 571 tubicinatori
685 558 691 570 .
711 557 741 570 ..
765 508 824 570 sol.
850 504 896 569 11⁰.

302 614 379 679 Item
405 618 437 677 in
463 615 543 677 festo
570 614 736 676 Laurencii
762 614 871 696 papira
888 613 950 673 emi
970 666 975 676 .
994 660 1027 675 ..
1052 611 1111 673 sol.
1136 611 1202 674 Vll.

305 722 382 786 Item
406 722 458 785 die
483 721 649 783 dominico
667 735 749 803 post,
769 721 839 781 misi
867 719 1047 781 Iohannem
1073 717 1241 801 Gradeczy
1266 731 1297 780 et
1321 718 1464 779 Blasium

200 830 414 913 presbiterum
439 829 521 890 circa
546 827 728 903 domiuum,
752 826 791 887 ad
825 845 979 908 expensas
1003 824 1153 888 dedi...
1176 825 1234 887 sol.
1261 822 1307 887 11⁶.

306 934 384 999 Item
411 934 488 996 feria
514 935 626 1016 quinta
650 935 681 994 io
705 932 758 994 die
783 933 1026 1015 Assumpcionis
1059 932 1171 1009 Mane,
1197 930 1360 1013 Stephano
1386 949 1465 992 coco

201 1042 275 1105 dedi
295 1090 301 1105 .
318 1089 350 1106 ..
373 1042 432 1102 sol.
456 1038 582 1103 XXXII.

304 1146 382 1210 Item
416 1146 530 1208 eodem
567 1146 619 1207 die
655 1145 784 1208 Thome
818 1144 973 1206 Horwath
1010 1144 1041 1205 in
1082 1142 1262 1204 subsidium
1295 1142 1368 1203 dedi
1394 1190 1401 1205 .
1427 1189 1466 1204 ..

200 1255 259 1319 sol.
286 1254 347 1318 1110.

303 1361 380 1423 Item
407 1360 520 1422 fossori
546 1359 667 1441 piscine
695 1357 854 1439 Iwanych,
887 1357 1038 1418 dedi...
1064 1355 1133 1417 flor.
1158 1354 1178 1419 l.

303 1467 380 1531 Item
405 1467 483 1529 feria
508 1467 618 1549 quinta
644 1479 775 1526 venerat
799 1464 931 1547 quidam
957 1463 1145 1526 mendicans
1168 1462 1208 1524 ad
1234 1461 1386 1524 fabricam
1412 1483 1462 1523 ec·

200 1576 297 1637 clesie
330 1574 463 1656 virgInis
495 1574 595 1635 Marie
627 1573 667 1635 de
699 1572 856 1655 superiori
890 1571 1024 1633 lzdencz
1056 1590 1112 1652 per
1136 1571 1263 1632 Turcos
1287 1573 1465 1649 combuste,

197 1681 292 1744 etad
318 1680 454 1743 eandem
480 1679 628 1743 dedi
653 1678 713 1741 sol.
739 1679 774 1739 L.

303 1788 381 1848 Item
407 1785 485 1848 feria
506 1801 592 1847 sexta
611 1785 681 1846 misi
702 1785 887 1864 magistrum
907 1784 1114 1845 Dominicum
1133 1803 1205 1844 cum
1224 1783 1356 1844 homine
1375 1783 1464 1863 regio

199 1893 239 1955 ad
264 1893 497 1976 possessionem
524 1891 636 1968 Pesla,
661 1890 755 1952 etad
781 1909 935 1972 expensas
967 1889 1041 1951 dedi
1068 1890 1184 1952 eis...
1207 1889 1266 1952 sol.
1291 1889 1418 1953 LXXX.

302 1999 380 2063 Item
405 2000 520 2061 eodem
546 1999 598 2060 die
624 1999 695 2059 misi
721 1998 761 2058 ad
788 1996 896 2080 Garyg
929 1997 1108 2079 pisces...
1134 1996 1193 2058 sol.
1218 1995 1285 2058 XII.

302 2104 381 2169 Item
400 2107 432 2167 In
450 2105 502 2167 dle
519 2106 619 2166 sancti
639 2103 791 2186 Stephani
810 2104 894 2185 regis
911 2104 1106 2186 pauperibus
1123 2103 1270 2164 distribui
1289 2151 1295 2164 .
1314 2151 1321 2165 .
1337 2151 1344 2165 .
1360 2103 1408 2163 sol
1426 2103 1464 2165 X.

302 2210 379 2274 Item
405 2211 483 2273 feria
507 2212 620 2293 quinta
645 2211 676 2271 in
702 2211 813 2290 vigilia
831 2211 915 2271 beati
945 2209 1166 2271 Bartholomei
1191 2209 1263 2271 misi
1288 2208 1327 2270 ad
1354 2208 1462 2293 Garyg

197 2320 323 2402 pisces.
342 2363 376 2382 ..
400 2319 458 2381 sol.
484 2317 581 2378 XVII.

300 2422 379 2487 Item
404 2423 481 2486 feria
506 2422 645 2484 secunda
663 2436 735 2484 ante
754 2420 868 2483 festum
886 2422 970 2483 besti
990 2423 1209 2484 Bartholomei
1228 2442 1299 2484 curn
1327 2423 1459 2504 quibus·

196 2531 270 2595 dam
296 2531 482 2593 hominibus
506 2529 643 2591 condam
670 2528 793 2590 domini
820 2528 880 2589 Job
906 2528 945 2589 de
971 2527 1067 2607 Gara,
1085 2529 1156 2590 misi
1174 2529 1214 2590 sd
1232 2528 1309 2591 Jane
1328 2529 1458 2592 Petrum

199 2639 297 2718 Oroz,
322 2658 372 2700 cur
398 2638 437 2698 ad
462 2656 616 2719 expensas
641 2635 795 2698 dedi...
819 2635 877 2697 sol.
903 2635 969 2698 XII.

301 2742 378 2807 Item
413 2742 490 2806 teria
523 2743 634 2825 quinta
668 2757 739 2824 post
772 2741 888 2803 festum
921 2741 1159 2803 Decollacionis
1187 2742 1270 2803 beati
1305 2743 1461 2804 Iohannis

196 2853 356 2916 transmisi
382 2849 556 2913 IamiIIares
580 2849 867 2911 Pechwaradenses
892 2848 931 2910 ad
964 2849 1104 2930 propria,
1137 2863 1167 2910 et
1191 2847 1230 2911 ad
1264 2849 1323 2910 iter
1347 2868 1458 2910 eorum

197 2959 271 3021 dedi
297 2978 356 3041 pro
381 2957 601 3040 expensis...
627 2957 685 3020 sol.
710 2955 758 3018 lI‘.

302 3063 378 3127 Item
405 3063 520 3125 eodem
546 3063 598 3124 die
624 3062 761 3123 Iohanni
787 3061 826 3122 de
851 3062 1029 3123 Zalathnolr
1061 3061 1212 3123 dedi...
1238 3062 1297 3122 sol.
1321 3058 1355 3123 1⁰.

303 3171 467 3233 Demetrio
492 3189 684 3251 magno...
710 3169 768 3231 sol.
791 3167 827 3231 1⁰.

303 3278 381 3340 Item
408 3275 557 3337 Michaeli
583 3276 717 3357 agazoni
743 3294 900 3356 equorum
927 3274 1152 3355 magistro
1178 3275 1236 3337 sol.
1262 3274 1297 3336 L.

301 3383 378 3446 Item
404 3382 517 3444 fossori
542 3383 664 3466 piscine
690 3383 721 3442 in
747 3380 893 3465 Iwanych
912 3430 918 3443 .
938 3430 967 3442 ..
991 3381 1049 3443 sol.
1073 3379 1105 3444 1⁰.

299 3488 375 3553 Item
400 3488 477 3553 feria
502 3504 588 3550 sexta
613 3488 685 3548 misi
710 3488 812 3569 pisces
836 3487 876 3549 ad
902 3487 1032 3571 Garygh
1051 3539 1057 3549 .
1076 3536 1107 3549 ..
1132 3488 1191 3549 sol.
1216 3489 1256 3551 X.

301 3597 380 3660 Item
408 3599 438 3658 in
472 3596 554 3658 festo
587 3597 671 3656 beati
705 3595 812 3675 Egidii
841 3594 915 3655 dedi
949 3595 987 3655 ad
1021 3609 1175 3656 tecturam
1201 3596 1335 3657 ecclesie
1359 3597 1458 3658 sancti

194 3704 277 3766 Petri
302 3705 362 3765 sub
385 3702 492 3785 Garyg
518 3721 576 3783 pro
602 3701 747 3763 emendis
771 3701 942 3763 clavis...
966 3701 1024 3762 sol.
1049 3701 1081 3762 l‘.

299 3809 377 3872 Item
403 3810 552 3870 miseram
578 3809 720 3870 Blasium
748 3826 888 3869 rasorem
922 3827 995 3869 cum
1028 3808 1125 3868 lardis
1150 3822 1180 3868 et
1204 3808 1275 3869 aliis
1299 3809 1394 3868 rebus
1418 3807 1457 3868 ad

192 3916 481 3979 PechwaradInum
507 3931 537 3977 et
562 3915 637 3976 dedi
662 3919 690 3977 ei
715 3934 942 3996 expensas...
974 3914 1032 3976 sol.
1057 3914 1092 3975 L.

299 4022 376 4084 Item
401 4022 509 4084 abbati
535 4024 628 4084 beate
652 4021 795 4102 Virginis
819 4022 985 4104 Zagrabie,
1018 4041 1076 4103 pro
1102 4022 1333 4102 procuracione
1359 4041 1457 4102 quam

193 4128 268 4192 fecit
291 4148 430 4206 mecum,
455 4128 529 4189 dedi
556 4128 670 4189 eodem
696 4127 826 4191 die...
851 4127 909 4191 sol.
934 4125 979 4190 lle.

298 4236 375 4297 Item
401 4236 503 4317 papiri
529 4236 643 4296 libram
669 4236 731 4296 emi
750 4284 758 4298 .
776 4284 805 4297 ..
838 4235 897 4298 sol.
922 4234 985 4295 Vll.

296 4339 374 4403 Item
400 4340 477 4403 feria
511 4343 606 4402 tercia
640 4357 711 4423 post
744 4341 858 4403 festum
893 4343 975 4402 beati
1010 4341 1116 4422 Egidii
1150 4361 1206 4424 per
1240 4341 1456 4403 Balthasarem

193 4448 403 4510 castellanum
429 4467 487 4530 pro
523 4448 668 4510 emendis
700 4449 788 4509 vitris
820 4446 1043 4510 fenestralibus
1075 4449 1146 4509 misi
1172 4449 1361 4530 Zagrabiam
1389 4499 1394 4509 .
1420 4499 1425 4509 .
1451 4499 1457 4511 .

193 4555 252 4618 sol.
276 4553 380 4617 lutet.

297 4659 374 4724 Item
400 4680 456 4742 per
473 4660 613 4723 eundem
632 4661 703 4722 misi
721 4660 760 4721 ad
777 4661 951 4722 emendum
967 4661 1136 4743 plumbum
1151 4662 1259 4724 album
1280 4713 1285 4725 .
1304 4714 1311 4726 .
1327 4713 1334 4726 .
1352 4663 1410 4725 sol.
1423 4661 1456 4726 lc.

295 4765 373 4829 Item
398 4767 534 4829 Nicolao
558 4767 657 4830 surdo
681 4766 892 4830 curriductori
909 4817 917 4831 .
933 4816 965 4831 ..
990 4767 1048 4834 sol.
1072 4768 1170 4833 XXV.
