3428 5256
220 312 284 376 304
779 290 929 357 Rationes.

326 504 402 566 ltem
420 505 451 566 in
477 502 619 587 profesto
637 505 729 566 beate
747 504 854 565 Prisce
871 502 1004 585 virginis
1021 517 1052 566 et
1069 504 1208 566 martiris
1224 501 1284 566 luit
1307 505 1510 567 convencio

221 611 300 673 iacta
326 631 382 694 per
406 610 556 672 dominos
581 610 612 671 in
637 610 779 672 sacristia
809 629 867 692 pro
903 611 1111 692 reputacione
1143 611 1266 693 organi,
1295 630 1395 692 1502.
1423 630 1509 674 cum

221 717 373 798 magistro
400 715 528 777 Matheo
553 716 592 777 de
618 716 789 797 Marpurga
809 765 814 777 .
835 764 866 780 ..
890 715 959 780 flor.
977 715 1164 779 LXXXXll.
1190 715 1314 778 Eodem
1341 716 1398 779 die
1420 717 1506 778 dedi

221 824 325 884 eidem
351 823 503 903 magistro
529 821 660 885 Matheo
685 841 742 904 pro
767 842 835 884 arra
862 821 932 885 flor.
957 822 980 900 l,
1005 821 1071 884 etl
1097 821 1165 889 flor.
1191 841 1248 904 pro
1272 823 1441 904 expensis.

328 929 405 990 ltem
431 929 506 990 dedi
532 928 637 989 eidem
663 928 816 1010 magistro
841 927 972 990 Matheo
1005 925 1083 990 feria
1108 927 1249 990 secunda
1272 942 1346 1009 post
1371 926 1501 990 festum

222 1036 305 1098 beati
333 1033 514 1096 leonhardi
540 1034 580 1096 de
601 1034 831 1096 commissione
849 1033 1058 1096 dominorum
1075 1052 1182 1096 coram
1209 1033 1363 1114 magistro
1391 1034 1503 1096 Paulo

222 1142 262 1204 de
287 1141 419 1224 Roycha
444 1139 513 1204 flor.
538 1140 651 1221 viginti
676 1140 822 1222 quinque
839 1140 870 1201 in
893 1154 1011 1202 sortem
1029 1138 1259 1202 convencionit
1281 1153 1313 1201 et
1335 1139 1501 1221 stipendii

223 1249 332 1331 ipsius.

330 1353 407 1416 ltem
445 1353 653 1436 carpentariis
677 1352 715 1412 de
750 1352 916 1414 Kraleu·cz
950 1351 1201 1434 procreacione
1233 1350 1414 1414 stationum
1442 1371 1485 1414 or

222 1461 296 1542 gani
322 1459 396 1521 dedi
422 1479 479 1541 pro
504 1459 651 1541 expensis
675 1458 797 1519 solidos
823 1459 890 1537 LX,
914 1473 945 1520 et
969 1458 1028 1520 sol.
1053 1458 1094 1521 Vl
1119 1458 1159 1520 ad
1185 1457 1304 1522 clavos.

854 1564 987 1627 Summa
1021 1563 1090 1625 flor.
1125 1564 1225 1640 XXX,
1252 1564 1312 1626 sol.
1338 1563 1451 1626 LXVl.

330 1671 406 1733 ltem
433 1671 506 1732 dedi
537 1672 691 1752 magistro
726 1672 849 1734 briccio
882 1671 1038 1732 canonico
1070 1690 1129 1752 pro
1161 1671 1310 1753 expensis
1334 1668 1427 1731 lactis
1454 1670 1497 1731 ad

226 1777 381 1839 Gcmlech
409 1778 439 1838 in
466 1778 723 1839 conductionem
750 1797 854 1838 rerunt
880 1790 910 1838 et
933 1778 1093 1838 bonorum
1119 1777 1263 1854 ecclesie,
1287 1776 1436 1839 similiter
1462 1777 1497 1838 in

225 1883 437 1944 readuccione
463 1897 493 1943 et
517 1901 575 1964 pro
601 1883 829 1964 redempcione
855 1883 917 1945 veli
942 1881 1192 1944 alamiliaribus
1215 1882 1367 1965 reginalis
1392 1882 1496 1945 Maie-

225 1989 385 2050 statis...
412 1987 481 2051 llor.
505 1987 540 2066 ll,
565 1988 623 2051 sol.
647 1988 774 2051 XXVll.

333 2094 410 2156 ltern
439 2096 470 2154 in
495 2092 637 2175 profesto
661 2095 754 2155 beate
781 2095 980 2175 Margarethe
1014 2094 1148 2175 virginis
1181 2107 1212 2156 et
1235 2093 1373 2155 martiris
1401 2114 1498 2176 ¹503·

231 2200 304 2261 dedi
330 2220 388 2281 pro
413 2200 522 2261 tabula
555 2214 585 2260 ct
618 2200 723 2261 indice
756 2199 906 2262 horarum
940 2200 1022 2262 beati
1056 2201 1151 2281 regis,
1182 2219 1280 2281 quam
1304 2197 1378 2260 lecit
1403 2199 1499 2263 Hans

226 2307 328 2388 pictor
354 2307 510 2368 Almanus
527 2355 533 2368 .
551 2355 580 2367 ..
607 2306 676 2370 llor.
704 2307 765 2370 llll.

339 2434 428 2492 ¹505·
460 2412 551 2472 Feria
584 2415 695 2493 quinta
729 2427 799 2494 post
831 2411 946 2474 festum
980 2412 1064 2475 beati
1096 2411 1259 2473 Ambrosii
1295 2411 1437 2493 episcopi
1462 2426 1497 2475 et

231 2516 290 2581 llf⁵⁸
315 2521 386 2579 dedi
422 2518 570 2579 fratribus
602 2520 700 2579 sancti
733 2519 891 2581 Francisci
925 2519 992 2584 flor.
1023 2519 1168 2600 quinque
1199 2516 1239 2580 de
1263 2516 1494 2579 commissione

229 2628 449 2703 dominorum,
474 2626 548 2706 quia
575 2626 632 2707 ipsi
660 2624 770 2686 lratres
793 2641 866 2686 ante
891 2644 992 2685 annos
1016 2625 1169 2686 tredecim
1195 2623 1350 2685 dederant
1375 2635 1491 2685 mutuo

229 2733 385 2812 Capitulo
409 2732 534 2813 aliquot
559 2732 659 2793 millia
685 2752 827 2793 asserum
861 2732 1033 2812 vulgariter
1065 2731 1149 2792 dicta
1174 2732 1294 2792 lemees
1317 2748 1377 2811 pro
1400 2749 1491 2812 repa·

229 2840 357 2900 racione
382 2853 501 2898 tecture
526 2839 624 2898 sancti
650 2838 733 2919 regis
759 2838 923 2920 Stephani.

548 3049 678 3110 lanua
704 3049 890 3110 ecclesie
920 3049 1033 3110 beati
1059 3048 1181 3130 regis.

339 3208 414 3269 ltem
442 3208 515 3269 dedi
542 3228 598 3289 pro
625 3207 708 3270 ferro
726 3209 860 3270 domino
879 3209 1012 3271 Alberto
1030 3209 1217 3290 preposito.
1236 3257 1241 3268 .
1260 3256 1266 3270 .
1291 3206 1360 3271 flor.
1385 3206 1498 3290 Vll'st.

342 3315 416 3374 ltcm
443 3313 533 3374 labro
559 3334 616 3396 pro
641 3315 761 3393 labore,
788 3315 892 3394 primo
923 3335 978 3396 per
997 3334 1110 3375 manus
1134 3313 1257 3374 domini
1285 3313 1407 3373 Alberti
1426 3331 1496 3392 pre·

235 3420 328 3502 positi
355 3419 423 3483 flor.
456 3420 504 3496 lll,
536 3441 625 3500 ¹505·
658 3423 738 3482 circa
766 3420 880 3482 festum
908 3422 989 3482 beati
1014 3420 1175 3481 Ambrosii
1202 3419 1343 3500 episcopi
1370 3434 1400 3480 et
1427 3413 1496 3486 02⁸.

343 3525 419 3586 ltem
446 3526 477 3585 in
510 3528 657 3587 absencia
691 3547 760 3587 mea
794 3527 945 3588 dominus
979 3526 1114 3587 Kemlek
1147 3525 1322 3606 complevit
1346 3538 1376 3584 et
1400 3525 1496 3586 solvit

236 3632 293 3712 ipsi
321 3630 411 3691 fabro
436 3632 504 3694 llor.
527 3631 593 3709 Vll,
618 3632 692 3712 quia
711 3634 889 3693 convencio
913 3630 972 3694 luit
997 3632 1065 3695 flor.
1089 3632 1128 3694 X.

344 3738 474 3818 Insuper
507 3738 595 3797 dedit
627 3738 730 3798 adhuc
756 3739 861 3799 eidem
887 3740 956 3801 flor.
981 3738 1004 3798 ll
1030 3738 1069 3798 de
1095 3737 1322 3798 commissione
1347 3736 1497 3797 domino·

236 3862 317 3919 runt,
343 3858 376 3904 ut
402 3843 500 3923 ipsam
527 3842 655 3920 januam
681 3863 753 3903 cum
779 3844 919 3904 vernisio
944 3845 1128 3905 rubricaret.

342 3948 416 4008 ltem
438 3949 467 4007 in
487 3962 596 4008 octava
616 3949 697 4009 beati
717 3949 869 4031 Stephani
889 3949 1123 4030 protomartiris
1140 3970 1225 4009 anno
1246 3948 1374 4010 Domini
1410 3969 1500 4031 ¹507·

236 4055 309 4116 dedi
330 4054 419 4114 fabro
445 4055 512 4117 llor.
540 4054 573 4135 Ἴ,
601 4075 659 4135 pro
677 4053 909 4116 relormacione
934 4055 1043 4135 lingue
1061 4056 1180 4116 scilicet
1205 4054 1389 4117 tintinabuli
1415 4072 1499 4115 cam·

237 4182 318 4243 pane
345 4162 484 4223 maioris.

718 4286 1019 4369 Stipendiarii.

348 4430 429 4490 Dedi
457 4430 672 4511 stipendiariis
686 4429 754 4492 flor.
777 4429 891 4508 l⁰Xlll;
909 4432 1023 4493 iterum
1049 4431 1116 4492 llor.
1132 4430 1202 4506 XX,
1221 4430 1354 4490 babetur
1378 4430 1500 4510 obliga

237 4538 318 4600 toria
344 4537 561 4600 dominorum.

346 4641 422 4702 ltem
449 4642 522 4702 dedi
549 4642 586 4702 ad
613 4658 768 4705 tecturam
805 4645 897 4706 beate
923 4644 1022 4704 Mario
1048 4643 1180 4723 virginis
1213 4641 1244 4702 in
1271 4640 1412 4700 Abbacia
1438 4659 1503 4701 ma·

240 4748 340 4830 gistro
365 4747 531 4808 Anthonio
556 4747 595 4808 de
623 4750 788 4831 blegerecz
814 4750 884 4812 flor.
909 4747 947 4811 Vl
972 4749 1030 4813 sul.
1054 4749 1121 4812 ttt„
