3428 5256
713 294 800 351 Anno
823 305 911 369 1522.
1384 315 1443 377 119

181 502 334 566 omnibus
357 502 502 566 eiusdem
528 504 644 565 domus
667 503 766 585 lignei
790 504 897 586 operis
921 518 952 566 et
976 504 1062 566 curia
1086 524 1123 565 ac
1147 503 1281 568 edificiis
1305 523 1335 568 et
1359 508 1443 570 dicta

182 611 288 672 modia
312 611 399 672 curia
425 610 626 690 utilitatibus,
644 610 777 690 iuribus,
796 612 914 690 usibus,
933 612 1168 693 integritatibus
1187 627 1218 675 et
1240 615 1444 695 pertinenciis

182 717 338 779 universis
361 715 485 799 prelato
519 717 588 777 viro
622 716 798 779 Benedicto
830 717 920 780 fabro
954 717 1120 780 Benchecz
1144 718 1230 780 dicto
1255 735 1286 781 et
1310 720 1441 781 domine

181 823 295 886 Vrsule
319 823 459 884 consorti
484 822 628 884 eiusdem
652 842 711 905 pro
736 823 806 886 flor.
830 823 1014 902 duodecim,
1039 838 1070 886 et
1093 844 1150 907 per
1174 825 1313 886 eundem
1340 826 1441 889 Bene·

179 930 301 991 dictum
326 930 421 991 nobis
444 948 500 990 seu
525 930 750 991 communitati
779 944 886 992 nostre
917 931 1013 1013 plene
1046 931 1128 992 datis
1152 946 1183 993 et
1207 932 1387 1013 persolutis,
1412 946 1442 994 et

179 1056 236 1118 per
260 1055 319 1097 nos
343 1056 380 1098 er
412 1035 505 1097 dictis
537 1035 710 1097 duodecim
742 1035 811 1099 flor.
843 1055 957 1098 census
988 1037 1188 1099 ordinandus
1216 1051 1246 1099 et
1270 1038 1442 1120 deputatus

179 1142 345 1203 annuatim
370 1141 529 1204 moderno
562 1141 777 1224 prebendario
809 1141 931 1223 prefate
964 1163 1017 1204 are
1041 1157 1071 1205 et
1101 1144 1258 1204 universis
1281 1164 1441 1206 successo·

179 1251 268 1312 ribus
293 1250 450 1328 eiusdem,
474 1250 526 1311 cui
551 1264 582 1312 et
606 1251 725 1331 quibus
749 1270 807 1332 pro
824 1251 1023 1331 aquisicione
1047 1265 1078 1314 et
1095 1253 1230 1314 utilitate
1254 1254 1367 1314 talium
1385 1273 1441 1335 per

180 1376 238 1418 nos
261 1356 302 1417 ad
327 1375 441 1417 manus
465 1357 723 1437 assignabuntur,
745 1357 825 1417 tales
849 1377 925 1418 vero
958 1371 1012 1419 aut
1035 1358 1107 1419 talis
1130 1357 1255 1440 prelato
1281 1360 1439 1421 moderno

178 1462 390 1545 prebendario
416 1476 447 1523 et
471 1462 628 1523 universis
650 1464 886 1525 successoribus
905 1464 970 1524 suis
987 1465 1150 1546 perpetuis
1174 1479 1204 1525 et
1228 1462 1341 1527 futuris
1358 1480 1440 1527 tem-

178 1569 311 1652 poribus
335 1568 476 1631 flotenus
501 1588 584 1629 unus
609 1568 805 1650 integraliter
834 1569 873 1630 de
906 1569 1057 1650 predictis
1081 1569 1253 1631 duodecim
1280 1569 1348 1633 flor.
1373 1571 1438 1631 sin·

177 1673 262 1754 gulis
285 1674 377 1734 annis
409 1693 476 1734 sese
508 1675 718 1755 sequentibus
750 1675 824 1736 dare
857 1690 888 1738 et
923 1675 1145 1738 administrare
1177 1677 1373 1738 tenebuntur
1409 1691 1440 1739 et

179 1793 272 1841 erunt
296 1779 442 1860 obligati,
466 1780 672 1841 vendidimus
696 1796 726 1842 et
751 1781 971 1860 contullirnus,
988 1782 1089 1843 immo
1113 1782 1284 1844 vendimus
1307 1798 1337 1844 et
1362 1803 1439 1844 con·

178 1883 312 1947 ferimus
328 1885 462 1947 liberam
488 1900 519 1947 et
543 1901 722 1969 exemptam
748 1889 788 1948 ab
812 1888 901 1949 omni
925 1907 1022 1949 censu
1046 1888 1190 1950 eiusdem
1215 1908 1269 1950 are
1292 1902 1324 1950 et
1347 1889 1438 1950 adin·

178 2004 242 2053 star
277 1991 414 2053 aliorum
458 1992 576 2053 civium
613 2008 794 2055 nostrorum
826 1993 895 2075 jure
930 2009 1086 2077 perpetuo
1122 2008 1153 2056 et
1188 1995 1438 2058 irrevocabiliter

178 2097 348 2159 vendimus
377 2098 561 2176 tenendam,
593 2099 820 2180 possidendam
853 2100 970 2182 pariter
1009 2115 1039 2162 et
1071 2100 1250 2163 habendam
1284 2121 1321 2162 ac
1352 2101 1437 2163 iuxta

178 2204 401 2266 condicionem
420 2205 556 2266 civitatis
580 2219 744 2287 prenotate
761 2208 801 2267 ab
818 2209 952 2289 antiquo
969 2207 1210 2289 privilegialiter
1226 2206 1437 2290 approbatam

178 2310 487 2391 quomodocumque
511 2311 651 2374 voluerit
668 2312 914 2394 disponendam.
932 2313 1050 2374 Datum
1069 2310 1146 2374 feria
1164 2313 1274 2394 quinta
1292 2315 1436 2396 proxima

174 2431 247 2498 post
271 2415 387 2478 festum
413 2417 495 2479 beati
521 2417 641 2481 Mathei
674 2420 822 2500 apostoli.
857 2425 953 2481 Anno
985 2419 1118 2480 Domini
1143 2420 1318 2482 millesimo
1343 2421 1436 2502 quin·

174 2524 354 2604 genteaimo
378 2524 535 2605 vigesimo
562 2523 715 2588 secundo.
