3428 5256
325 467 402 529 ltem
425 467 560 529 sabbato
584 479 657 527 ante
689 465 887 526 dominicam
920 463 1227 546 Remispalmsrum,
1252 465 1339 527 misi
1367 466 1522 530 Pekzam

220 576 259 636 ad
285 575 420 637 domurn
443 593 533 636 suam
559 586 590 635 et
613 572 720 635 eidem
743 571 784 633 ad
808 571 988 633 subsidium
1013 571 1162 633 dedi...
1187 571 1249 633 sol.
1276 570 1321 636 1⁶.
1363 652 1366 657 .

328 679 407 744 ltem
432 679 564 762 quando
588 678 715 740 Frsnlro
744 678 873 740 recessit
896 678 936 740 sd
961 677 1096 739 domum
1119 696 1192 739 cum
1218 679 1322 760 equis
1349 696 1522 763 quatuor,

225 788 298 850 dedi
324 788 352 850 ei
378 806 607 869 expensas...
631 785 689 848 sol.
714 784 749 848 1¹².

332 892 492 975 Gregorio
516 891 729 974 Kerdeghazy
746 939 753 954 .
770 940 796 953 ..
820 891 879 954 sol.
905 890 938 954 10,

325 998 403 1062 Item
436 1000 468 1060 in
500 998 664 1060 dominica
703 997 1016 1079 Ramispalmarum‚
1060 995 1123 1058 erni
1156 993 1207 1056 hic
1238 994 1282 1056 sd
1317 994 1522 1062 familiares

222 1107 346 1169 domini
370 1106 544 1188 pisces...
568 1104 628 1167 sol.
651 1101 780 1165 XXXll.

328 1212 400 1273 Misi
426 1211 465 1272 ad
491 1210 600 1293 Garyg
624 1210 800 1292 pisces...
824 1210 882 1272 sol.
907 1207 1004 1272 LXX.

327 1334 405 1398 item
431 1334 509 1396 feria
533 1334 673 1396 secunda
690 1348 762 1416 post
787 1333 1003 1395 dominicam:
1023 1333 1318 1415 Ramispalmarum
1339 1335 1425 1397 misi
1447 1336 1518 1399 De·

224 1444 375 1506 metrium
399 1460 534 1524 parvum
559 1460 633 1502 cum
659 1441 804 1502 iohanne
827 1440 987 1502 Gedroczi
1006 1440 1143 1519 Budam,
1168 1452 1198 1503 et
1222 1439 1349 1502 eisdem
1380 1443 1427 1503 ad
1456 1464 1517 1505 ex·

225 1570 339 1633 pensas
364 1549 513 1609 dedi...
541 1546 599 1610 sol.
623 1546 657 1610 1⁰.

331 1653 409 1716 Item
436 1653 514 1714 feria
538 1653 635 1714 tercia
660 1653 734 1713 dedi
761 1653 862 1715 Paulo
878 1652 1021 1735 sellipari
1046 1673 1104 1736 pro
1128 1652 1345 1715 serviciis...
1374 1657 1444 1720 sol.
1462 1655 1517 1722 lle,

332 1759 409 1822 Item
443 1758 520 1820 feria
553 1773 664 1840 quarta
696 1771 770 1821 ante
802 1759 966 1820 Ambrosii
999 1758 1128 1820 Andree
1173 1758 1310 1839 pixidsri
1348 1759 1435 1823 dedi
1475 1765 1511 1826 in

227 1867 381 1929 Gemlech
400 1915 406 1926 .
424 1914 455 1928 ..
486 1867 543 1930 sol.
569 1865 601 1928 1⁰.

331 1971 451 2035 lbidem
479 1973 584 2032 Blasio
609 1972 744 2053 agazoni
763 2020 769 2033 .
787 2020 816 2033 ..
840 1971 899 2034 sol.
922 1969 1045 2036 XXXll.

332 2094 474 2176 Georgio
501 2094 590 2157 labro
616 2095 655 2156 de
679 2095 818 2156 Chasma
844 2115 900 2177 pro
931 2095 1140 2157 babatacione
1158 2148 1163 2157 .
1182 2144 1212 2156 ..
1245 2095 1302 2158 sol.
1325 2093 1433 2162 XXV.

333 2200 413 2266 Item
439 2204 554 2264 eodem
580 2202 631 2262 die
656 2202 730 2263 dedi
756 2202 876 2263 ibidem
903 2202 1003 2263 Paulo
1035 2205 1170 2281 agazoni
1189 2252 1195 2264 .
1213 2252 1243 2265 ..
1267 2203 1324 2264 sol.
1349 2201 1457 2269 XXV.

333 2310 441 2371 Blasio
466 2310 532 2370 Lab
557 2309 705 2370 similiter
729 2310 863 2389 agazoni
883 2358 889 2371 .
907 2357 938 2370 ..
961 2308 1018 2371 sol.
1043 2307 1140 2372 XXV.

331 2413 408 2477 ltem
434 2434 490 2496 per
515 2414 603 2492 festa,
628 2434 691 2495 que
717 2413 845 2476 luerunt
868 2429 941 2475 ante
966 2413 1093 2494 festum,
1119 2416 1214 2477 Pasce
1240 2415 1388 2477 distribui
1416 2438 1501 2498 pau-

228 2522 381 2603 peribus.
402 2569 406 2576 .
427 2570 433 2582 .
457 2521 514 2583 sol.
536 2519 663 2584 XXXll.

333 2644 411 2707 ltem
437 2645 468 2705 in
494 2664 612 2724 magno
637 2646 771 2707 sabbato
795 2644 869 2705 dedi
896 2644 1045 2706 Michaeli
1078 2647 1213 2726 agazoni
1232 2696 1238 2709 .
1256 2695 1286 2708 ..
1309 2646 1367 2708 sol.
1392 2645 1426 2710 le.

334 2751 472 2814 Johanni
497 2753 620 2813 Koniar
643 2752 817 2834 pediti...
843 2752 901 2813 sol.
930 2754 963 2815 L.

334 2857 499 2919 Demetrio
520 2857 649 2940 Wayda
667 2907 673 2919 .
691 2907 720 2920 ..
744 2858 802 2920 sol.
827 2859 862 2920 L.

331 2961 407 3025 ltem
435 2962 512 3024 feria
536 2963 678 3025 secunda
703 2978 773 3046 post
799 2962 914 3026 festum
941 2964 1038 3026 Pasce
1070 2965 1145 3027 dedi
1171 2966 1266 3028 Petro
1292 2964 1425 3048 pellifici
1451 2969 1496 3031 de

229 3084 336 3129 sancta
363 3069 467 3130 Cruce
485 3119 491 3131 .
510 3117 541 3131 ..
566 3071 624 3132 sol.
648 3068 681 3132 1⁶.

335 3174 411 3236 ltem
438 3174 514 3236 feria
539 3176 635 3236 tercia
661 3177 732 3236 misi
760 3176 887 3237 Petrum
915 3176 1002 3238 Oroz
1019 3198 1077 3260 pro
1102 3178 1296 3260 quibusdam
1322 3180 1428 3240 bobus
1451 3181 1495 3241 ad

231 3281 527 3359 Pechwaradinunt‚
552 3295 582 3343 et
606 3282 706 3343 eciam
732 3283 771 3343 ad
798 3283 938 3363 quedam
971 3281 1053 3344 lacta
1079 3285 1159 3345 circa
1187 3284 1352 3346 Matheum
1377 3286 1494 3347 castel·

230 3386 352 3464 lanum,
376 3401 407 3449 et
431 3387 469 3447 ad
495 3406 649 3469 expensas
674 3388 748 3450 dedi
774 3388 802 3449 ei
821 3437 827 3449 .
845 3436 876 3449 ..
902 3388 960 3448 sol.
987 3386 1081 3450 LXX.

337 3508 414 3571 ltern
451 3509 526 3572 feria
559 3526 644 3572 sexta
677 3525 749 3593 post
782 3512 876 3572 Pasce
903 3510 1078 3572 benedicto
1118 3512 1246 3573 sttek
1277 3515 1308 3575 in
1335 3512 1492 3577 Gemlech

231 3616 330 3679 dedi.
373 3619 462 3682 ,sol
485 3616 517 3682 1⁰.

337 3723 474 3785 iohanni
500 3724 618 3806 lecb
637 3773 642 3785 .
660 3772 689 3785 ..
714 3724 772 3786 sol.
797 3721 861 3797 leL.

338 3829 416 3890 Jane
441 3829 586 3890 bohemo
604 3879 610 3890 .
630 3880 635 3891 .
655 3878 662 3893 .
686 3829 747 3893 sol.
774 3830 812 3894 L.

336 3949 413 4014 ltem
439 3953 515 4014 lcria
541 3954 680 4016 secunda
705 3968 777 4037 post
808 3969 937 4018 octavas
964 3956 1225 4017 Resurreccionis
1251 3957 1394 4036 Domini,
1420 3958 1493 4020 Pre-

232 4058 395 4119 bendariis
419 4060 551 4120 ecclesie
584 4061 801 4142 zagrabiensis
831 4081 890 4143 pro
915 4061 1019 4122 missis
1054 4063 1246 4124 annualibus
1272 4063 1303 4123 in
1329 4064 1492 4126 saliarium

233 4164 306 4225 dedi
333 4166 363 4225 in
390 4165 546 4228 Gemlech
565 4217 571 4228 .
592 4217 623 4228 ..
649 4168 707 4230 sol.
732 4166 824 4232 xllle.

339 4272 537 4354 Pauperibus
562 4273 786 4337 distribui...
811 4274 870 4339 sol.
894 4273 957 4339 Vll.

338 4393 416 4457 ltem
442 4396 519 4459 ieris
552 4413 666 4479 quarta
697 4414 770 4481 post
801 4414 946 4462 octavam
981 4401 1251 4479 Resurrectionis,
1281 4403 1311 4463 in
1338 4403 1494 4465 Gemlech

234 4500 307 4561 dedi
335 4500 477 4582 Georgio
503 4502 592 4566 fabro
618 4505 796 4567 charmensi
821 4525 879 4588 pro
904 4507 1114 4569 babstseione
1133 4555 1139 4568 .
1159 4556 1165 4569 .
1186 4556 1192 4568 .
1217 4508 1275 4569 sol.
1302 4509 1337 4571 L.

341 4606 502 4671 Candelss
526 4612 588 4671 etni
607 4658 612 4669 .
631 4660 664 4673 ..
689 4611 749 4675 sol.
773 4609 827 4675 Vl.

341 4711 416 4775 item
443 4714 520 4777 feria
545 4730 658 4798 quarta
680 4731 754 4800 post
786 4716 981 4779 dominicam
1022 4717 1122 4791 Qussi
1148 4718 1258 4796 modo,
1293 4738 1350 4802 per
1375 4720 1494 4783 Lucam
