<?xml version="1.0" encoding="UTF-8"?>
<!DOCTYPE html PUBLIC "-//W3C//DTD XHTML 1.0 Transitional//EN"
    "http://www.w3.org/TR/xhtml1/DTD/xhtml1-transitional.dtd">
<html xmlns="http://www.w3.org/1999/xhtml" xml:lang="en" lang="en">
 <head>
  <title>
</title>
<meta http-equiv="Content-Type" content="text/html;charset=utf-8" />
  <meta name='ocr-system' content='tesseract 3.04.00' />
  <meta name='ocr-capabilities' content='ocr_page ocr_carea ocr_par ocr_line ocrx_word'/>
</head>
<body>
  <div class='ocr_page' id='page_1' title='image "./monumentahistor02laszgoog_0230.png"; bbox 0 0 3420 5250; ppageno 0'>
   <div class='ocr_carea' id='block_1_1' title="bbox 748 371 1468 460">
    <p class='ocr_par' dir='ltr' id='par_1_1' title="bbox 748 371 1468 460">
     <span class='ocr_line' id='line_1_1' title="bbox 748 371 1468 460; baseline 0.013 -30"><span class='ocrx_word' id='word_1_1' title='bbox 748 371 935 435; x_wconf 68' lang='lat' dir='ltr'>Inventam.</span> <span class='ocrx_word' id='word_1_2' title='bbox 1409 397 1468 460; x_wconf 87' lang='lat'>179</span> 
     </span>
    </p>
   </div>
   <div class='ocr_carea' id='block_1_2' title="bbox 187 580 1467 4821">
    <p class='ocr_par' dir='ltr' id='par_1_2' title="bbox 204 580 1467 1089">
     <span class='ocr_line' id='line_1_2' title="bbox 205 580 1467 670; baseline 0.008 -30"><span class='ocrx_word' id='word_1_3' title='bbox 205 580 359 661; x_wconf 89' lang='lat' dir='ltr'>ponderis</span> <span class='ocrx_word' id='word_1_4' title='bbox 382 580 479 648; x_wconf 88' lang='lat' dir='ltr'>trium</span> <span class='ocrx_word' id='word_1_5' title='bbox 505 600 695 660; x_wconf 89' lang='lat' dir='ltr'>marcarum,</span> <span class='ocrx_word' id='word_1_6' title='bbox 727 599 851 666; x_wconf 90' lang='lat' dir='ltr'>reperta</span> <span class='ocrx_word' id='word_1_7' title='bbox 885 597 932 645; x_wconf 88' lang='lat' dir='ltr'>est</span> <span class='ocrx_word' id='word_1_8' title='bbox 959 585 1068 647; x_wconf 90' lang='lat' dir='ltr'>tabula</span> <span class='ocrx_word' id='word_1_9' title='bbox 1101 585 1133 646; x_wconf 89' lang='lat' dir='ltr'>io</span> <span class='ocrx_word' id='word_1_10' title='bbox 1159 584 1347 668; x_wconf 81' lang='lat' dir='ltr'><strong>fragmentis</strong></span> <span class='ocrx_word' id='word_1_11' title='bbox 1371 603 1467 670; x_wconf 92' lang='lat' dir='ltr'>prout</span> 
     </span>
     <span class='ocr_line' id='line_1_3' title="bbox 206 686 1467 776; baseline 0.008 -30"><span class='ocrx_word' id='word_1_12' title='bbox 206 686 237 746; x_wconf 93' lang='lat' dir='ltr'>in</span> <span class='ocrx_word' id='word_1_13' title='bbox 262 687 397 768; x_wconf 90' lang='lat' dir='ltr'>antiquo</span> <span class='ocrx_word' id='word_1_14' title='bbox 430 702 570 769; x_wconf 88' lang='lat' dir='ltr'>regestro</span> <span class='ocrx_word' id='word_1_15' title='bbox 602 689 754 770; x_wconf 88' lang='lat' dir='ltr'>scriptum</span> <span class='ocrx_word' id='word_1_16' title='bbox 788 703 843 752; x_wconf 89' lang='lat' dir='ltr'>est.</span> <span class='ocrx_word' id='word_1_17' title='bbox 880 695 930 766; x_wconf 83' lang='lat' dir='ltr'>(In</span> <span class='ocrx_word' id='word_1_18' title='bbox 961 696 1113 768; x_wconf 78' lang='lat' dir='ltr'><em>margine:</em></span> <span class='ocrx_word' id='word_1_19' title='bbox 1143 693 1300 776; x_wconf 83' lang='lat' dir='ltr'>Repertus</span> <span class='ocrx_word' id='word_1_20' title='bbox 1333 709 1388 772; x_wconf 88' lang='lat' dir='ltr'>est,</span> <span class='ocrx_word' id='word_1_21' title='bbox 1411 695 1467 756; x_wconf 89' lang='lat' dir='ltr'>sed</span> 
     </span>
     <span class='ocr_line' id='line_1_4' title="bbox 206 794 1466 882; baseline 0.008 -29"><span class='ocrx_word' id='word_1_22' title='bbox 206 812 304 854; x_wconf 89' lang='lat' dir='ltr'>unam</span> <span class='ocrx_word' id='word_1_23' title='bbox 328 794 556 856; x_wconf 88' lang='lat' dir='ltr'>tantummodo</span> <span class='ocrx_word' id='word_1_24' title='bbox 580 794 677 857; x_wconf 86' lang='lat' dir='ltr'>habet</span> <span class='ocrx_word' id='word_1_25' title='bbox 700 797 845 859; x_wconf 89' lang='lat' dir='ltr'>tabulam</span> <span class='ocrx_word' id='word_1_26' title='bbox 874 797 1032 880; x_wconf 89' lang='lat' dir='ltr'>integram</span> <span class='ocrx_word' id='word_1_27' title='bbox 1057 799 1088 860; x_wconf 93' lang='lat' dir='ltr'>in</span> <span class='ocrx_word' id='word_1_28' title='bbox 1113 800 1269 882; x_wconf 86' lang='lat' dir='ltr'>superiori</span> <span class='ocrx_word' id='word_1_29' title='bbox 1307 815 1396 882; x_wconf 91' lang='lat' dir='ltr'>parte</span> <span class='ocrx_word' id='word_1_30' title='bbox 1421 800 1466 863; x_wconf 85' lang='lat' dir='ltr'>af-</span> 
     </span>
     <span class='ocr_line' id='line_1_5' title="bbox 204 899 1466 990; baseline 0.006 -27"><span class='ocrx_word' id='word_1_31' title='bbox 204 899 310 980; x_wconf 82' lang='lat' dir='ltr'>fixam,</span> <span class='ocrx_word' id='word_1_32' title='bbox 335 901 470 964; x_wconf 89' lang='lat' dir='ltr'>duarum</span> <span class='ocrx_word' id='word_1_33' title='bbox 497 917 604 964; x_wconf 91' lang='lat' dir='ltr'>autem</span> <span class='ocrx_word' id='word_1_34' title='bbox 628 903 810 965; x_wconf 91' lang='lat' dir='ltr'>tabularum</span> <span class='ocrx_word' id='word_1_35' title='bbox 828 918 935 966; x_wconf 91' lang='lat' dir='ltr'>tamen</span> <span class='ocrx_word' id='word_1_36' title='bbox 952 906 1043 987; x_wconf 84' lang='lat' dir='ltr'>pecie</span> <span class='ocrx_word' id='word_1_37' title='bbox 1068 920 1190 989; x_wconf 86' lang='lat' dir='ltr'>reperte</span> <span class='ocrx_word' id='word_1_38' title='bbox 1215 920 1246 970; x_wconf 92' lang='lat' dir='ltr'>et</span> <span class='ocrx_word' id='word_1_39' title='bbox 1269 909 1408 990; x_wconf 84' lang='lat' dir='ltr'>reposite</span> <span class='ocrx_word' id='word_1_40' title='bbox 1434 909 1466 970; x_wconf 92' lang='lat' dir='ltr'>in</span> 
     </span>
     <span class='ocr_line' id='line_1_6' title="bbox 204 1008 325 1089; baseline 0.008 -20"><span class='ocrx_word' id='word_1_41' title='bbox 204 1008 325 1089; x_wconf 88' lang='lat' dir='ltr'>calice).</span> 
     </span>
    </p>

    <p class='ocr_par' dir='ltr' id='par_1_3' title="bbox 199 1115 1465 1839">
     <span class='ocr_line' id='line_1_7' title="bbox 311 1115 1465 1201; baseline 0.005 -25"><span class='ocrx_word' id='word_1_42' title='bbox 311 1115 388 1178; x_wconf 89' lang='lat' dir='ltr'>ltem</span> <span class='ocrx_word' id='word_1_43' title='bbox 414 1135 497 1178; x_wconf 88' lang='lat' dir='ltr'>unus</span> <span class='ocrx_word' id='word_1_44' title='bbox 521 1117 603 1178; x_wconf 88' lang='lat' dir='ltr'>alius</span> <span class='ocrx_word' id='word_1_45' title='bbox 627 1117 709 1178; x_wconf 85' lang='lat' dir='ltr'>calix</span> <span class='ocrx_word' id='word_1_46' title='bbox 726 1136 799 1179; x_wconf 90' lang='lat' dir='ltr'>cum</span> <span class='ocrx_word' id='word_1_47' title='bbox 823 1131 939 1199; x_wconf 92' lang='lat' dir='ltr'>patena</span> <span class='ocrx_word' id='word_1_48' title='bbox 964 1138 1032 1197; x_wconf 87' lang='lat' dir='ltr'>sua,</span> <span class='ocrx_word' id='word_1_49' title='bbox 1056 1119 1095 1180; x_wconf 92' lang='lat' dir='ltr'>de</span> <span class='ocrx_word' id='word_1_50' title='bbox 1121 1119 1228 1201; x_wconf 84' lang='lat' dir='ltr'>lapide</span> <span class='ocrx_word' id='word_1_51' title='bbox 1252 1121 1374 1199; x_wconf 86' lang='lat' dir='ltr'>onixio,</span> <span class='ocrx_word' id='word_1_52' title='bbox 1391 1140 1465 1182; x_wconf 90' lang='lat' dir='ltr'>cum</span> 
     </span>
     <span class='ocr_line' id='line_1_8' title="bbox 202 1222 1463 1306; baseline 0.005 -24"><span class='ocrx_word' id='word_1_53' title='bbox 202 1234 335 1303; x_wconf 91' lang='lat' dir='ltr'>argento</span> <span class='ocrx_word' id='word_1_54' title='bbox 361 1222 498 1305; x_wconf 83' lang='lat' dir='ltr'>desuper</span> <span class='ocrx_word' id='word_1_55' title='bbox 522 1237 562 1283; x_wconf 92' lang='lat' dir='ltr'>et.</span> <span class='ocrx_word' id='word_1_56' title='bbox 577 1223 609 1283; x_wconf 94' lang='lat' dir='ltr'>in</span> <span class='ocrx_word' id='word_1_57' title='bbox 640 1223 722 1305; x_wconf 91' lang='lat' dir='ltr'>pede</span> <span class='ocrx_word' id='word_1_58' title='bbox 744 1224 936 1304; x_wconf 90' lang='lat' dir='ltr'>quibusdam</span> <span class='ocrx_word' id='word_1_59' title='bbox 963 1224 1135 1306; x_wconf 79' lang='lat' dir='ltr'>lapidibus,</span> <span class='ocrx_word' id='word_1_60' title='bbox 1168 1226 1336 1288; x_wconf 88' lang='lat' dir='ltr'>videlicet:</span> <span class='ocrx_word' id='word_1_61' title='bbox 1362 1227 1463 1289; x_wconf 89' lang='lat' dir='ltr'>tribus</span> 
     </span>
     <span class='ocr_line' id='line_1_9' title="bbox 202 1328 1465 1415; baseline 0.005 -27"><span class='ocrx_word' id='word_1_62' title='bbox 202 1328 348 1410; x_wconf 84' lang='lat' dir='ltr'>saphiris,</span> <span class='ocrx_word' id='word_1_63' title='bbox 381 1343 520 1411; x_wconf 90' lang='lat' dir='ltr'>quatuor</span> <span class='ocrx_word' id='word_1_64' title='bbox 550 1331 692 1411; x_wconf 89' lang='lat' dir='ltr'>granatis</span> <span class='ocrx_word' id='word_1_65' title='bbox 724 1331 936 1393; x_wconf 82' lang='lat' dir='ltr'>orientalibus</span> <span class='ocrx_word' id='word_1_66' title='bbox 971 1344 1002 1392; x_wconf 88' lang='lat' dir='ltr'>et</span> <span class='ocrx_word' id='word_1_67' title='bbox 1033 1352 1085 1392; x_wconf 89' lang='lat' dir='ltr'>ser</span> <span class='ocrx_word' id='word_1_68' title='bbox 1116 1332 1291 1414; x_wconf 91' lang='lat' dir='ltr'>thurquisis</span> <span class='ocrx_word' id='word_1_69' title='bbox 1315 1346 1345 1394; x_wconf 86' lang='lat' dir='ltr'>et</span> <span class='ocrx_word' id='word_1_70' title='bbox 1369 1334 1465 1415; x_wconf 91' lang='lat' dir='ltr'>perlis</span> 
     </span>
     <span class='ocr_line' id='line_1_10' title="bbox 202 1436 1462 1520; baseline 0.004 -24"><span class='ocrx_word' id='word_1_71' title='bbox 202 1436 327 1517; x_wconf 88' lang='lat' dir='ltr'>magnis</span> <span class='ocrx_word' id='word_1_72' title='bbox 352 1437 383 1496; x_wconf 91' lang='lat' dir='ltr'>in</span> <span class='ocrx_word' id='word_1_73' title='bbox 408 1436 488 1498; x_wconf 88' lang='lat' dir='ltr'>locis</span> <span class='ocrx_word' id='word_1_74' title='bbox 520 1437 708 1498; x_wconf 88' lang='lat' dir='ltr'>necessariis</span> <span class='ocrx_word' id='word_1_75' title='bbox 742 1437 911 1520; x_wconf 86' lang='lat' dir='ltr'>impositis,</span> <span class='ocrx_word' id='word_1_76' title='bbox 946 1438 1100 1520; x_wconf 91' lang='lat' dir='ltr'>ponderis</span> <span class='ocrx_word' id='word_1_77' title='bbox 1124 1439 1260 1500; x_wconf 91' lang='lat' dir='ltr'>duarum</span> <span class='ocrx_word' id='word_1_78' title='bbox 1285 1459 1462 1502; x_wconf 91' lang='lat' dir='ltr'>marcarum</span> 
     </span>
     <span class='ocr_line' id='line_1_11' title="bbox 201 1542 1464 1637; baseline 0.004 -34"><span class='ocrx_word' id='word_1_79' title='bbox 201 1562 273 1604; x_wconf 88' lang='lat' dir='ltr'>cum</span> <span class='ocrx_word' id='word_1_80' title='bbox 298 1542 406 1637; x_wconf 78' lang='lat' dir='ltr'>media</span> <span class='ocrx_word' id='word_1_81' title='bbox 430 1543 529 1604; x_wconf 90' lang='lat' dir='ltr'>medii</span> <span class='ocrx_word' id='word_1_82' title='bbox 547 1543 773 1623; x_wconf 88' lang='lat' dir='ltr'>nehezekonis‚</span> <span class='ocrx_word' id='word_1_83' title='bbox 799 1543 906 1607; x_wconf 85' lang='lat' dir='ltr'>deficit</span> <span class='ocrx_word' id='word_1_84' title='bbox 930 1565 993 1607; x_wconf 90' lang='lat' dir='ltr'>una</span> <span class='ocrx_word' id='word_1_85' title='bbox 1013 1545 1099 1627; x_wconf 91' lang='lat' dir='ltr'>perla</span> <span class='ocrx_word' id='word_1_86' title='bbox 1113 1547 1153 1607; x_wconf 92' lang='lat' dir='ltr'>ab</span> <span class='ocrx_word' id='word_1_87' title='bbox 1179 1546 1295 1608; x_wconf 89' lang='lat' dir='ltr'>eodem</span> <span class='ocrx_word' id='word_1_88' title='bbox 1321 1547 1352 1608; x_wconf 92' lang='lat' dir='ltr'>in</span> <span class='ocrx_word' id='word_1_89' title='bbox 1370 1547 1464 1628; x_wconf 89' lang='lat' dir='ltr'>pede,</span> 
     </span>
     <span class='ocr_line' id='line_1_12' title="bbox 199 1637 1463 1735; baseline 0.003 -24"><span class='ocrx_word' id='word_1_90' title='bbox 199 1664 296 1731; x_wconf 91' lang='lat' dir='ltr'>prout</span> <span class='ocrx_word' id='word_1_91' title='bbox 320 1637 352 1711; x_wconf 62' lang='lat' dir='ltr'>i&#39;n</span> <span class='ocrx_word' id='word_1_92' title='bbox 377 1651 510 1732; x_wconf 87' lang='lat' dir='ltr'>registro</span> <span class='ocrx_word' id='word_1_93' title='bbox 535 1652 669 1733; x_wconf 90' lang='lat' dir='ltr'>antiquo</span> <span class='ocrx_word' id='word_1_94' title='bbox 693 1651 854 1732; x_wconf 89' lang='lat' dir='ltr'>signatum</span> <span class='ocrx_word' id='word_1_95' title='bbox 880 1664 935 1714; x_wconf 91' lang='lat' dir='ltr'>est.</span> <span class='ocrx_word' id='word_1_96' title='bbox 968 1655 1018 1730; x_wconf 87' lang='lat' dir='ltr'>(In</span> <span class='ocrx_word' id='word_1_97' title='bbox 1042 1657 1194 1728; x_wconf 77' lang='lat' dir='ltr'>margine:</span> <span class='ocrx_word' id='word_1_98' title='bbox 1225 1654 1383 1735; x_wconf 87' lang='lat' dir='ltr'>Repertus</span> <span class='ocrx_word' id='word_1_99' title='bbox 1406 1667 1463 1732; x_wconf 91' lang='lat' dir='ltr'>est,</span> 
     </span>
     <span class='ocr_line' id='line_1_13' title="bbox 199 1755 1040 1839; baseline 0.002 -22"><span class='ocrx_word' id='word_1_100' title='bbox 199 1756 254 1817; x_wconf 90' lang='lat' dir='ltr'>sed</span> <span class='ocrx_word' id='word_1_101' title='bbox 279 1770 395 1838; x_wconf 87' lang='lat' dir='ltr'>patena</span> <span class='ocrx_word' id='word_1_102' title='bbox 420 1755 526 1818; x_wconf 89' lang='lat' dir='ltr'>deficit</span> <span class='ocrx_word' id='word_1_103' title='bbox 548 1771 580 1819; x_wconf 89' lang='lat' dir='ltr'>et</span> <span class='ocrx_word' id='word_1_104' title='bbox 603 1776 686 1818; x_wconf 92' lang='lat' dir='ltr'>unus</span> <span class='ocrx_word' id='word_1_105' title='bbox 702 1771 855 1838; x_wconf 89' lang='lat' dir='ltr'>granatus</span> <span class='ocrx_word' id='word_1_106' title='bbox 879 1758 911 1818; x_wconf 91' lang='lat' dir='ltr'>in</span> <span class='ocrx_word' id='word_1_107' title='bbox 936 1757 1040 1839; x_wconf 84' lang='lat' dir='ltr'>pede).</span> 
     </span>
    </p>

    <p class='ocr_par' dir='ltr' id='par_1_4' title="bbox 196 1861 1462 2371">
     <span class='ocr_line' id='line_1_14' title="bbox 306 1861 1462 1946; baseline 0.004 -24"><span class='ocrx_word' id='word_1_108' title='bbox 306 1861 383 1924; x_wconf 88' lang='lat' dir='ltr'>ltem</span> <span class='ocrx_word' id='word_1_109' title='bbox 409 1882 493 1924; x_wconf 90' lang='lat' dir='ltr'>unus</span> <span class='ocrx_word' id='word_1_110' title='bbox 517 1863 600 1924; x_wconf 89' lang='lat' dir='ltr'>alius</span> <span class='ocrx_word' id='word_1_111' title='bbox 624 1862 705 1925; x_wconf 86' lang='lat' dir='ltr'>calix</span> <span class='ocrx_word' id='word_1_112' title='bbox 731 1883 803 1925; x_wconf 90' lang='lat' dir='ltr'>cum</span> <span class='ocrx_word' id='word_1_113' title='bbox 821 1877 936 1945; x_wconf 88' lang='lat' dir='ltr'>patena</span> <span class='ocrx_word' id='word_1_114' title='bbox 960 1884 1028 1942; x_wconf 90' lang='lat' dir='ltr'>sua,</span> <span class='ocrx_word' id='word_1_115' title='bbox 1053 1864 1092 1925; x_wconf 91' lang='lat' dir='ltr'>de</span> <span class='ocrx_word' id='word_1_116' title='bbox 1109 1878 1253 1946; x_wconf 88' lang='lat' dir='ltr'>argento,</span> <span class='ocrx_word' id='word_1_117' title='bbox 1278 1865 1462 1944; x_wconf 86' lang='lat' dir='ltr'>deauratus,</span> 
     </span>
     <span class='ocr_line' id='line_1_15' title="bbox 198 1968 1459 2052; baseline 0.002 -23"><span class='ocrx_word' id='word_1_118' title='bbox 198 1969 293 2047; x_wconf 90' lang='lat' dir='ltr'>altus,</span> <span class='ocrx_word' id='word_1_119' title='bbox 319 1970 350 2030; x_wconf 95' lang='lat' dir='ltr'>in</span> <span class='ocrx_word' id='word_1_120' title='bbox 376 1970 467 2031; x_wconf 91' lang='lat' dir='ltr'>cuius</span> <span class='ocrx_word' id='word_1_121' title='bbox 489 1970 570 2052; x_wconf 90' lang='lat' dir='ltr'>pede</span> <span class='ocrx_word' id='word_1_122' title='bbox 596 1984 670 2031; x_wconf 89' lang='lat' dir='ltr'>sunt</span> <span class='ocrx_word' id='word_1_123' title='bbox 686 1990 739 2031; x_wconf 86' lang='lat' dir='ltr'>sex</span> <span class='ocrx_word' id='word_1_124' title='bbox 764 1968 865 2051; x_wconf 82' lang='lat' dir='ltr'>figure</span> <span class='ocrx_word' id='word_1_125' title='bbox 882 1969 1048 2047; x_wconf 86' lang='lat' dir='ltr'>smaldate,</span> <span class='ocrx_word' id='word_1_126' title='bbox 1073 1971 1151 2030; x_wconf 88' lang='lat' dir='ltr'>etin</span> <span class='ocrx_word' id='word_1_127' title='bbox 1170 1970 1258 2031; x_wconf 92' lang='lat' dir='ltr'>nodo</span> <span class='ocrx_word' id='word_1_128' title='bbox 1282 1991 1335 2032; x_wconf 87' lang='lat' dir='ltr'>sex</span> <span class='ocrx_word' id='word_1_129' title='bbox 1354 1972 1459 2032; x_wconf 90' lang='lat' dir='ltr'>medie</span> 
     </span>
     <span class='ocr_line' id='line_1_16' title="bbox 197 2073 1458 2162; baseline 0.002 -27"><span class='ocrx_word' id='word_1_130' title='bbox 197 2073 297 2156; x_wconf 88' lang='lat' dir='ltr'>figure</span> <span class='ocrx_word' id='word_1_131' title='bbox 323 2076 353 2137; x_wconf 93' lang='lat' dir='ltr'>in</span> <span class='ocrx_word' id='word_1_132' title='bbox 379 2076 504 2138; x_wconf 86' lang='lat' dir='ltr'>amaldo</span> <span class='ocrx_word' id='word_1_133' title='bbox 529 2076 652 2158; x_wconf 87' lang='lat' dir='ltr'>positis,</span> <span class='ocrx_word' id='word_1_134' title='bbox 669 2075 822 2158; x_wconf 93' lang='lat' dir='ltr'>ponderis</span> <span class='ocrx_word' id='word_1_135' title='bbox 839 2077 935 2137; x_wconf 90' lang='lat' dir='ltr'>trium</span> <span class='ocrx_word' id='word_1_136' title='bbox 953 2095 1130 2137; x_wconf 90' lang='lat' dir='ltr'>marcarum</span> <span class='ocrx_word' id='word_1_137' title='bbox 1156 2090 1186 2138; x_wconf 92' lang='lat' dir='ltr'>et</span> <span class='ocrx_word' id='word_1_138' title='bbox 1211 2076 1276 2137; x_wconf 93' lang='lat' dir='ltr'>duo</span> <span class='ocrx_word' id='word_1_139' title='bbox 1302 2077 1458 2162; x_wconf 89' lang='lat' dir='ltr'>nehezyk,</span> 
     </span>
     <span class='ocr_line' id='line_1_17' title="bbox 197 2180 1459 2266; baseline 0.003 -25"><span class='ocrx_word' id='word_1_140' title='bbox 197 2196 327 2264; x_wconf 92' lang='lat' dir='ltr'>propter</span> <span class='ocrx_word' id='word_1_141' title='bbox 350 2197 540 2245; x_wconf 88' lang='lat' dir='ltr'>vetustatem</span> <span class='ocrx_word' id='word_1_142' title='bbox 565 2182 715 2243; x_wconf 90' lang='lat' dir='ltr'>diminuti</span> <span class='ocrx_word' id='word_1_143' title='bbox 733 2197 807 2243; x_wconf 91' lang='lat' dir='ltr'>sunt</span> <span class='ocrx_word' id='word_1_144' title='bbox 831 2182 896 2243; x_wconf 94' lang='lat' dir='ltr'>duo</span> <span class='ocrx_word' id='word_1_145' title='bbox 913 2181 1069 2266; x_wconf 86' lang='lat' dir='ltr'>nehezyk,</span> <span class='ocrx_word' id='word_1_146' title='bbox 1094 2180 1200 2243; x_wconf 88' lang='lat' dir='ltr'>deficit</span> <span class='ocrx_word' id='word_1_147' title='bbox 1218 2197 1345 2262; x_wconf 87' lang='lat' dir='ltr'>patena,</span> <span class='ocrx_word' id='word_1_148' title='bbox 1363 2197 1459 2265; x_wconf 87' lang='lat' dir='ltr'>prout</span> 
     </span>
     <span class='ocr_line' id='line_1_18' title="bbox 196 2289 820 2371; baseline 0 -22"><span class='ocrx_word' id='word_1_149' title='bbox 196 2289 228 2349; x_wconf 92' lang='lat' dir='ltr'>in</span> <span class='ocrx_word' id='word_1_150' title='bbox 255 2289 389 2371; x_wconf 92' lang='lat' dir='ltr'>antiquo</span> <span class='ocrx_word' id='word_1_151' title='bbox 414 2303 554 2369; x_wconf 88' lang='lat' dir='ltr'>regestro</span> <span class='ocrx_word' id='word_1_152' title='bbox 579 2302 624 2350; x_wconf 89' lang='lat' dir='ltr'>est</span> <span class='ocrx_word' id='word_1_153' title='bbox 647 2289 820 2370; x_wconf 87' lang='lat' dir='ltr'>signatum.</span> 
     </span>
    </p>

    <p class='ocr_par' dir='ltr' id='par_1_5' title="bbox 193 2394 1460 2903">
     <span class='ocr_line' id='line_1_19' title="bbox 304 2394 1460 2475; baseline 0 -19"><span class='ocrx_word' id='word_1_154' title='bbox 304 2395 381 2457; x_wconf 90' lang='lat' dir='ltr'>ltem</span> <span class='ocrx_word' id='word_1_155' title='bbox 407 2416 490 2457; x_wconf 90' lang='lat' dir='ltr'>unus</span> <span class='ocrx_word' id='word_1_156' title='bbox 514 2396 595 2456; x_wconf 90' lang='lat' dir='ltr'>alius</span> <span class='ocrx_word' id='word_1_157' title='bbox 613 2395 694 2456; x_wconf 86' lang='lat' dir='ltr'>calix</span> <span class='ocrx_word' id='word_1_158' title='bbox 720 2395 759 2456; x_wconf 88' lang='lat' dir='ltr'>de</span> <span class='ocrx_word' id='word_1_159' title='bbox 784 2407 928 2475; x_wconf 83' lang='lat' dir='ltr'>argentO,</span> <span class='ocrx_word' id='word_1_160' title='bbox 947 2394 1129 2471; x_wconf 89' lang='lat' dir='ltr'>deauratus,</span> <span class='ocrx_word' id='word_1_161' title='bbox 1154 2413 1225 2455; x_wconf 91' lang='lat' dir='ltr'>cum</span> <span class='ocrx_word' id='word_1_162' title='bbox 1251 2408 1366 2475; x_wconf 87' lang='lat' dir='ltr'>patena</span> <span class='ocrx_word' id='word_1_163' title='bbox 1391 2415 1460 2473; x_wconf 91' lang='lat' dir='ltr'>sua,</span> 
     </span>
     <span class='ocr_line' id='line_1_20' title="bbox 195 2500 1458 2584; baseline -0.001 -21"><span class='ocrx_word' id='word_1_164' title='bbox 195 2503 338 2584; x_wconf 88' lang='lat' dir='ltr'>signatus</span> <span class='ocrx_word' id='word_1_165' title='bbox 362 2505 420 2564; x_wconf 86' lang='lat' dir='ltr'>sub</span> <span class='ocrx_word' id='word_1_166' title='bbox 446 2502 527 2583; x_wconf 88' lang='lat' dir='ltr'>pede</span> <span class='ocrx_word' id='word_1_167' title='bbox 553 2500 657 2580; x_wconf 87' lang='lat' dir='ltr'>cruce,</span> <span class='ocrx_word' id='word_1_168' title='bbox 686 2500 839 2584; x_wconf 90' lang='lat' dir='ltr'>ponderis</span> <span class='ocrx_word' id='word_1_169' title='bbox 872 2500 1009 2561; x_wconf 91' lang='lat' dir='ltr'>duarum</span> <span class='ocrx_word' id='word_1_170' title='bbox 1042 2519 1221 2560; x_wconf 88' lang='lat' dir='ltr'>marcarum</span> <span class='ocrx_word' id='word_1_171' title='bbox 1254 2519 1326 2561; x_wconf 89' lang='lat' dir='ltr'>cum</span> <span class='ocrx_word' id='word_1_172' title='bbox 1353 2500 1458 2562; x_wconf 87' lang='lat' dir='ltr'>media</span> 
     </span>
     <span class='ocr_line' id='line_1_21' title="bbox 196 2605 1459 2693; baseline -0.003 -23"><span class='ocrx_word' id='word_1_173' title='bbox 196 2623 225 2670; x_wconf 93' lang='lat' dir='ltr'>et</span> <span class='ocrx_word' id='word_1_174' title='bbox 250 2608 433 2690; x_wconf 87' lang='lat' dir='ltr'>quindecim</span> <span class='ocrx_word' id='word_1_175' title='bbox 461 2609 615 2693; x_wconf 89' lang='lat' dir='ltr'>nehezyk.</span> <span class='ocrx_word' id='word_1_176' title='bbox 642 2608 794 2689; x_wconf 83' lang='lat' dir='ltr'>Magister</span> <span class='ocrx_word' id='word_1_177' title='bbox 828 2606 972 2667; x_wconf 81' lang='lat' dir='ltr'>Andreas</span> <span class='ocrx_word' id='word_1_178' title='bbox 1004 2605 1147 2668; x_wconf 88' lang='lat' dir='ltr'>Polonus</span> <span class='ocrx_word' id='word_1_179' title='bbox 1179 2605 1275 2669; x_wconf 91' lang='lat' dir='ltr'>habet</span> <span class='ocrx_word' id='word_1_180' title='bbox 1299 2625 1384 2669; x_wconf 88' lang='lat' dir='ltr'>eum.</span> <span class='ocrx_word' id='word_1_181' title='bbox 1408 2611 1459 2685; x_wconf 89' lang='lat' dir='ltr'>(In</span> 
     </span>
     <span class='ocr_line' id='line_1_22' title="bbox 193 2712 1456 2797; baseline -0.001 -21"><span class='ocrx_word' id='word_1_182' title='bbox 193 2737 346 2793; x_wconf 84' lang='lat' dir='ltr'>margme:</span> <span class='ocrx_word' id='word_1_183' title='bbox 370 2718 443 2777; x_wconf 91' lang='lat' dir='ltr'>Non</span> <span class='ocrx_word' id='word_1_184' title='bbox 468 2716 613 2794; x_wconf 87' lang='lat' dir='ltr'>habetur,</span> <span class='ocrx_word' id='word_1_185' title='bbox 639 2716 713 2797; x_wconf 90' lang='lat' dir='ltr'>quia</span> <span class='ocrx_word' id='word_1_186' title='bbox 738 2735 803 2775; x_wconf 91' lang='lat' dir='ltr'>non</span> <span class='ocrx_word' id='word_1_187' title='bbox 837 2714 927 2775; x_wconf 82' lang='lat' dir='ltr'>dedit</span> <span class='ocrx_word' id='word_1_188' title='bbox 952 2733 1026 2775; x_wconf 90' lang='lat' dir='ltr'>eum</span> <span class='ocrx_word' id='word_1_189' title='bbox 1060 2714 1117 2774; x_wconf 92' lang='lat' dir='ltr'>iste</span> <span class='ocrx_word' id='word_1_190' title='bbox 1143 2712 1297 2791; x_wconf 90' lang='lat' dir='ltr'>Polonus,</span> <span class='ocrx_word' id='word_1_191' title='bbox 1321 2713 1377 2774; x_wconf 92' lang='lat' dir='ltr'>sed</span> <span class='ocrx_word' id='word_1_192' title='bbox 1401 2713 1456 2775; x_wconf 92' lang='lat' dir='ltr'>do·</span> 
     </span>
     <span class='ocr_line' id='line_1_23' title="bbox 194 2817 1142 2903; baseline -0.002 -20"><span class='ocrx_word' id='word_1_193' title='bbox 194 2825 301 2883; x_wconf 88' lang='lat' dir='ltr'>minus</span> <span class='ocrx_word' id='word_1_194' title='bbox 325 2821 544 2902; x_wconf 87' lang='lat' dir='ltr'>suffraganeus</span> <span class='ocrx_word' id='word_1_195' title='bbox 568 2822 759 2903; x_wconf 88' lang='lat' dir='ltr'>promiserat</span> <span class='ocrx_word' id='word_1_196' title='bbox 782 2840 840 2902; x_wconf 94' lang='lat' dir='ltr'>pro</span> <span class='ocrx_word' id='word_1_197' title='bbox 871 2839 910 2881; x_wconf 88' lang='lat' dir='ltr'>eo</span> <span class='ocrx_word' id='word_1_198' title='bbox 934 2817 1142 2895; x_wconf 82' lang='lat' dir='ltr'>satisfacere.)</span> 
     </span>
    </p>

    <p class='ocr_par' dir='ltr' id='par_1_6' title="bbox 192 2926 1457 3220">
     <span class='ocr_line' id='line_1_24' title="bbox 300 2926 1456 3009; baseline -0.002 -19"><span class='ocrx_word' id='word_1_199' title='bbox 300 2930 377 2991; x_wconf 87' lang='lat' dir='ltr'>ltem</span> <span class='ocrx_word' id='word_1_200' title='bbox 402 2930 484 2991; x_wconf 90' lang='lat' dir='ltr'>alius</span> <span class='ocrx_word' id='word_1_201' title='bbox 508 2929 590 2990; x_wconf 86' lang='lat' dir='ltr'>calix</span> <span class='ocrx_word' id='word_1_202' title='bbox 615 2948 688 2990; x_wconf 89' lang='lat' dir='ltr'>cum</span> <span class='ocrx_word' id='word_1_203' title='bbox 718 2940 832 3009; x_wconf 88' lang='lat' dir='ltr'>patena</span> <span class='ocrx_word' id='word_1_204' title='bbox 865 2946 933 3004; x_wconf 90' lang='lat' dir='ltr'>sua,</span> <span class='ocrx_word' id='word_1_205' title='bbox 966 2926 1006 2988; x_wconf 89' lang='lat' dir='ltr'>de</span> <span class='ocrx_word' id='word_1_206' title='bbox 1038 2940 1182 3008; x_wconf 88' lang='lat' dir='ltr'>argento,</span> <span class='ocrx_word' id='word_1_207' title='bbox 1214 2926 1393 3005; x_wconf 87' lang='lat' dir='ltr'>deauratus,</span> <span class='ocrx_word' id='word_1_208' title='bbox 1418 2927 1456 2988; x_wconf 89' lang='lat' dir='ltr'>de</span> 
     </span>
     <span class='ocr_line' id='line_1_25' title="bbox 193 3032 1457 3118; baseline -0.003 -21"><span class='ocrx_word' id='word_1_209' title='bbox 193 3037 288 3097; x_wconf 89' lang='lat' dir='ltr'>simili</span> <span class='ocrx_word' id='word_1_210' title='bbox 315 3055 411 3118; x_wconf 90' lang='lat' dir='ltr'>opere</span> <span class='ocrx_word' id='word_1_211' title='bbox 436 3055 508 3097; x_wconf 90' lang='lat' dir='ltr'>cum</span> <span class='ocrx_word' id='word_1_212' title='bbox 532 3034 728 3116; x_wconf 88' lang='lat' dir='ltr'>precedenti,</span> <span class='ocrx_word' id='word_1_213' title='bbox 753 3035 896 3115; x_wconf 91' lang='lat' dir='ltr'>signatus</span> <span class='ocrx_word' id='word_1_214' title='bbox 920 3034 979 3093; x_wconf 89' lang='lat' dir='ltr'>sub</span> <span class='ocrx_word' id='word_1_215' title='bbox 1004 3032 1085 3114; x_wconf 90' lang='lat' dir='ltr'>pede</span> <span class='ocrx_word' id='word_1_216' title='bbox 1109 3033 1214 3100; x_wconf 87' lang='lat' dir='ltr'>litera:</span> <span class='ocrx_word' id='word_1_217' title='bbox 1241 3036 1279 3093; x_wconf 83' lang='lat' dir='ltr'>A.</span> <span class='ocrx_word' id='word_1_218' title='bbox 1304 3033 1457 3114; x_wconf 90' lang='lat' dir='ltr'>ponderis</span> 
     </span>
     <span class='ocr_line' id='line_1_26' title="bbox 192 3138 1176 3220; baseline -0.001 -17"><span class='ocrx_word' id='word_1_219' title='bbox 192 3142 328 3203; x_wconf 87' lang='lat' dir='ltr'>duarum</span> <span class='ocrx_word' id='word_1_220' title='bbox 354 3161 531 3203; x_wconf 90' lang='lat' dir='ltr'>marcarum</span> <span class='ocrx_word' id='word_1_221' title='bbox 557 3161 628 3202; x_wconf 90' lang='lat' dir='ltr'>cum</span> <span class='ocrx_word' id='word_1_222' title='bbox 655 3139 789 3201; x_wconf 90' lang='lat' dir='ltr'>dimidia</span> <span class='ocrx_word' id='word_1_223' title='bbox 817 3154 847 3200; x_wconf 90' lang='lat' dir='ltr'>et</span> <span class='ocrx_word' id='word_1_224' title='bbox 871 3155 992 3220; x_wconf 90' lang='lat' dir='ltr'>septem</span> <span class='ocrx_word' id='word_1_225' title='bbox 1019 3138 1176 3220; x_wconf 86' lang='lat' dir='ltr'>nehezyk.</span> 
     </span>
    </p>

    <p class='ocr_par' dir='ltr' id='par_1_7' title="bbox 190 3244 1454 3863">
     <span class='ocr_line' id='line_1_27' title="bbox 299 3244 1454 3328; baseline -0.002 -18"><span class='ocrx_word' id='word_1_226' title='bbox 299 3249 377 3310; x_wconf 90' lang='lat' dir='ltr'>Item</span> <span class='ocrx_word' id='word_1_227' title='bbox 403 3268 486 3309; x_wconf 89' lang='lat' dir='ltr'>unus</span> <span class='ocrx_word' id='word_1_228' title='bbox 509 3248 592 3309; x_wconf 83' lang='lat' dir='ltr'>alius</span> <span class='ocrx_word' id='word_1_229' title='bbox 617 3248 697 3308; x_wconf 84' lang='lat' dir='ltr'>calix</span> <span class='ocrx_word' id='word_1_230' title='bbox 731 3266 802 3308; x_wconf 88' lang='lat' dir='ltr'>cum</span> <span class='ocrx_word' id='word_1_231' title='bbox 834 3261 948 3328; x_wconf 90' lang='lat' dir='ltr'>patena</span> <span class='ocrx_word' id='word_1_232' title='bbox 973 3266 1041 3323; x_wconf 92' lang='lat' dir='ltr'>sua,</span> <span class='ocrx_word' id='word_1_233' title='bbox 1074 3245 1254 3324; x_wconf 89' lang='lat' dir='ltr'>deauratus,</span> <span class='ocrx_word' id='word_1_234' title='bbox 1278 3244 1399 3308; x_wconf 88' lang='lat' dir='ltr'>habens</span> <span class='ocrx_word' id='word_1_235' title='bbox 1423 3248 1454 3308; x_wconf 89' lang='lat' dir='ltr'>in</span> 
     </span>
     <span class='ocr_line' id='line_1_28' title="bbox 192 3351 1453 3438; baseline -0.002 -21"><span class='ocrx_word' id='word_1_236' title='bbox 192 3356 273 3438; x_wconf 91' lang='lat' dir='ltr'>pede</span> <span class='ocrx_word' id='word_1_237' title='bbox 301 3371 439 3437; x_wconf 89' lang='lat' dir='ltr'>quatuor</span> <span class='ocrx_word' id='word_1_238' title='bbox 463 3354 604 3415; x_wconf 89' lang='lat' dir='ltr'>smaldos</span> <span class='ocrx_word' id='word_1_239' title='bbox 629 3374 701 3415; x_wconf 88' lang='lat' dir='ltr'>cum</span> <span class='ocrx_word' id='word_1_240' title='bbox 731 3352 847 3415; x_wconf 83' lang='lat' dir='ltr'>mediis</span> <span class='ocrx_word' id='word_1_241' title='bbox 871 3351 998 3433; x_wconf 83' lang='lat' dir='ltr'>figuris,</span> <span class='ocrx_word' id='word_1_242' title='bbox 1031 3366 1061 3414; x_wconf 93' lang='lat' dir='ltr'>et</span> <span class='ocrx_word' id='word_1_243' title='bbox 1085 3372 1180 3434; x_wconf 88' lang='lat' dir='ltr'>supra</span> <span class='ocrx_word' id='word_1_244' title='bbox 1205 3366 1357 3434; x_wconf 88' lang='lat' dir='ltr'>patenam</span> <span class='ocrx_word' id='word_1_245' title='bbox 1381 3374 1453 3415; x_wconf 93' lang='lat' dir='ltr'>cum</span> 
     </span>
     <span class='ocr_line' id='line_1_29' title="bbox 192 3458 1454 3542; baseline -0.002 -19"><span class='ocrx_word' id='word_1_246' title='bbox 192 3481 310 3541; x_wconf 90' lang='lat' dir='ltr'>magno</span> <span class='ocrx_word' id='word_1_247' title='bbox 336 3461 387 3522; x_wconf 88' lang='lat' dir='ltr'>dei</span> <span class='ocrx_word' id='word_1_248' title='bbox 412 3465 477 3536; x_wconf 73' lang='lat' dir='ltr'>(sic)</span> <span class='ocrx_word' id='word_1_249' title='bbox 503 3460 534 3521; x_wconf 94' lang='lat' dir='ltr'>in</span> <span class='ocrx_word' id='word_1_250' title='bbox 559 3461 686 3521; x_wconf 91' lang='lat' dir='ltr'>smaldo</span> <span class='ocrx_word' id='word_1_251' title='bbox 710 3458 827 3541; x_wconf 90' lang='lat' dir='ltr'>posito,</span> <span class='ocrx_word' id='word_1_252' title='bbox 851 3472 883 3520; x_wconf 88' lang='lat' dir='ltr'>et</span> <span class='ocrx_word' id='word_1_253' title='bbox 905 3461 964 3520; x_wconf 93' lang='lat' dir='ltr'>sub</span> <span class='ocrx_word' id='word_1_254' title='bbox 993 3459 1075 3541; x_wconf 89' lang='lat' dir='ltr'>pede</span> <span class='ocrx_word' id='word_1_255' title='bbox 1101 3478 1172 3519; x_wconf 90' lang='lat' dir='ltr'>cum</span> <span class='ocrx_word' id='word_1_256' title='bbox 1198 3458 1308 3522; x_wconf 89' lang='lat' dir='ltr'>litera:</span> <span class='ocrx_word' id='word_1_257' title='bbox 1333 3459 1369 3521; x_wconf 91' lang='lat' dir='ltr'>B.</span> <span class='ocrx_word' id='word_1_258' title='bbox 1392 3461 1454 3542; x_wconf 89' lang='lat' dir='ltr'>sig·</span> 
     </span>
     <span class='ocr_line' id='line_1_30' title="bbox 191 3564 1453 3648; baseline -0.001 -20"><span class='ocrx_word' id='word_1_259' title='bbox 191 3581 294 3644; x_wconf 88' lang='lat' dir='ltr'>natus,</span> <span class='ocrx_word' id='word_1_260' title='bbox 319 3567 470 3648; x_wconf 90' lang='lat' dir='ltr'>ponderis</span> <span class='ocrx_word' id='word_1_261' title='bbox 495 3567 590 3627; x_wconf 90' lang='lat' dir='ltr'>unius</span> <span class='ocrx_word' id='word_1_262' title='bbox 615 3585 719 3627; x_wconf 87' lang='lat' dir='ltr'>marce</span> <span class='ocrx_word' id='word_1_263' title='bbox 745 3584 818 3626; x_wconf 89' lang='lat' dir='ltr'>cum</span> <span class='ocrx_word' id='word_1_264' title='bbox 843 3564 947 3626; x_wconf 88' lang='lat' dir='ltr'>media</span> <span class='ocrx_word' id='word_1_265' title='bbox 981 3578 1012 3626; x_wconf 89' lang='lat' dir='ltr'>et</span> <span class='ocrx_word' id='word_1_266' title='bbox 1036 3564 1175 3625; x_wconf 85' lang='lat' dir='ltr'>sedecim</span> <span class='ocrx_word' id='word_1_267' title='bbox 1203 3565 1359 3647; x_wconf 84' lang='lat' dir='ltr'>nehezyk,</span> <span class='ocrx_word' id='word_1_268' title='bbox 1384 3584 1453 3627; x_wconf 92' lang='lat' dir='ltr'>om·</span> 
     </span>
     <span class='ocr_line' id='line_1_31' title="bbox 190 3670 1454 3754; baseline -0.001 -19"><span class='ocrx_word' id='word_1_269' title='bbox 190 3675 268 3735; x_wconf 90' lang='lat' dir='ltr'>nino</span> <span class='ocrx_word' id='word_1_270' title='bbox 293 3673 410 3735; x_wconf 86' lang='lat' dir='ltr'>fractus</span> <span class='ocrx_word' id='word_1_271' title='bbox 434 3687 490 3751; x_wconf 87' lang='lat' dir='ltr'>est,</span> <span class='ocrx_word' id='word_1_272' title='bbox 516 3687 547 3735; x_wconf 95' lang='lat' dir='ltr'>et</span> <span class='ocrx_word' id='word_1_273' title='bbox 564 3670 718 3734; x_wconf 91' lang='lat' dir='ltr'>deficiunt</span> <span class='ocrx_word' id='word_1_274' title='bbox 735 3671 800 3733; x_wconf 94' lang='lat' dir='ltr'>duo</span> <span class='ocrx_word' id='word_1_275' title='bbox 818 3670 973 3754; x_wconf 90' lang='lat' dir='ltr'>nehezyk,</span> <span class='ocrx_word' id='word_1_276' title='bbox 992 3686 1087 3753; x_wconf 91' lang='lat' dir='ltr'>prout</span> <span class='ocrx_word' id='word_1_277' title='bbox 1105 3671 1136 3731; x_wconf 88' lang='lat' dir='ltr'>in</span> <span class='ocrx_word' id='word_1_278' title='bbox 1162 3671 1296 3752; x_wconf 89' lang='lat' dir='ltr'>antiquo</span> <span class='ocrx_word' id='word_1_279' title='bbox 1321 3671 1454 3752; x_wconf 88' lang='lat' dir='ltr'>registro</span> 
     </span>
     <span class='ocr_line' id='line_1_32' title="bbox 191 3782 433 3863; baseline 0 -20"><span class='ocrx_word' id='word_1_280' title='bbox 191 3797 237 3843; x_wconf 87' lang='lat' dir='ltr'>est</span> <span class='ocrx_word' id='word_1_281' title='bbox 261 3782 433 3863; x_wconf 88' lang='lat' dir='ltr'>signatum.</span> 
     </span>
    </p>

    <p class='ocr_par' dir='ltr' id='par_1_8' title="bbox 188 3886 1452 4490">
     <span class='ocr_line' id='line_1_33' title="bbox 296 3886 1451 3970; baseline 0.001 -21"><span class='ocrx_word' id='word_1_282' title='bbox 296 3889 373 3950; x_wconf 90' lang='lat' dir='ltr'>ltem</span> <span class='ocrx_word' id='word_1_283' title='bbox 398 3908 481 3949; x_wconf 92' lang='lat' dir='ltr'>unus</span> <span class='ocrx_word' id='word_1_284' title='bbox 505 3888 586 3949; x_wconf 85' lang='lat' dir='ltr'>calix</span> <span class='ocrx_word' id='word_1_285' title='bbox 619 3908 693 3949; x_wconf 92' lang='lat' dir='ltr'>cum</span> <span class='ocrx_word' id='word_1_286' title='bbox 725 3901 840 3970; x_wconf 85' lang='lat' dir='ltr'>patena</span> <span class='ocrx_word' id='word_1_287' title='bbox 875 3907 942 3966; x_wconf 91' lang='lat' dir='ltr'>sua,</span> <span class='ocrx_word' id='word_1_288' title='bbox 977 3887 1016 3948; x_wconf 89' lang='lat' dir='ltr'>de</span> <span class='ocrx_word' id='word_1_289' title='bbox 1040 3900 1184 3968; x_wconf 90' lang='lat' dir='ltr'>argento,</span> <span class='ocrx_word' id='word_1_290' title='bbox 1216 3886 1396 3965; x_wconf 89' lang='lat' dir='ltr'>deauratus,</span> <span class='ocrx_word' id='word_1_291' title='bbox 1420 3889 1451 3950; x_wconf 90' lang='lat' dir='ltr'>in</span> 
     </span>
     <span class='ocr_line' id='line_1_34' title="bbox 188 3992 1452 4076; baseline -0.003 -18"><span class='ocrx_word' id='word_1_292' title='bbox 188 3997 278 4058; x_wconf 92' lang='lat' dir='ltr'>cuius</span> <span class='ocrx_word' id='word_1_293' title='bbox 295 4008 408 4076; x_wconf 90' lang='lat' dir='ltr'>patena</span> <span class='ocrx_word' id='word_1_294' title='bbox 427 4006 473 4055; x_wconf 91' lang='lat' dir='ltr'>est</span> <span class='ocrx_word' id='word_1_295' title='bbox 490 3995 597 4074; x_wconf 80' lang='lat' dir='ltr'>imago</span> <span class='ocrx_word' id='word_1_296' title='bbox 615 3996 705 4056; x_wconf 89' lang='lat' dir='ltr'>beate</span> <span class='ocrx_word' id='word_1_297' title='bbox 724 3994 823 4054; x_wconf 89' lang='lat' dir='ltr'>Marie</span> <span class='ocrx_word' id='word_1_298' title='bbox 841 3993 983 4075; x_wconf 88' lang='lat' dir='ltr'>virginis,</span> <span class='ocrx_word' id='word_1_299' title='bbox 1000 4008 1107 4054; x_wconf 90' lang='lat' dir='ltr'>sancte</span> <span class='ocrx_word' id='word_1_300' title='bbox 1127 3992 1300 4053; x_wconf 90' lang='lat' dir='ltr'>Katberine</span> <span class='ocrx_word' id='word_1_301' title='bbox 1318 3993 1452 4074; x_wconf 88' lang='lat' dir='ltr'>virginis</span> 
     </span>
     <span class='ocr_line' id='line_1_35' title="bbox 190 4097 1451 4183; baseline 0 -21"><span class='ocrx_word' id='word_1_302' title='bbox 190 4103 220 4163; x_wconf 90' lang='lat' dir='ltr'>in</span> <span class='ocrx_word' id='word_1_303' title='bbox 246 4100 371 4162; x_wconf 82' lang='lat' dir='ltr'>amaldo</span> <span class='ocrx_word' id='word_1_304' title='bbox 396 4102 510 4183; x_wconf 88' lang='lat' dir='ltr'>posita,</span> <span class='ocrx_word' id='word_1_305' title='bbox 536 4114 567 4162; x_wconf 94' lang='lat' dir='ltr'>et</span> <span class='ocrx_word' id='word_1_306' title='bbox 599 4101 657 4161; x_wconf 87' lang='lat' dir='ltr'>sub</span> <span class='ocrx_word' id='word_1_307' title='bbox 683 4100 770 4161; x_wconf 91' lang='lat' dir='ltr'>nodo</span> <span class='ocrx_word' id='word_1_308' title='bbox 802 4100 894 4161; x_wconf 89' lang='lat' dir='ltr'>litere</span> <span class='ocrx_word' id='word_1_309' title='bbox 919 4120 975 4161; x_wconf 91' lang='lat' dir='ltr'>seu</span> <span class='ocrx_word' id='word_1_310' title='bbox 1007 4100 1178 4180; x_wconf 88' lang='lat' dir='ltr'>scriptum:</span> <span class='ocrx_word' id='word_1_311' title='bbox 1206 4097 1350 4160; x_wconf 91' lang='lat' dir='ltr'>Calicem</span> <span class='ocrx_word' id='word_1_312' title='bbox 1376 4099 1451 4163; x_wconf 85' lang='lat' dir='ltr'>fecit</span> 
     </span>
     <span class='ocr_line' id='line_1_36' title="bbox 188 4204 1450 4286; baseline -0.001 -17"><span class='ocrx_word' id='word_1_313' title='bbox 188 4207 254 4269; x_wconf 90' lang='lat' dir='ltr'>fieri</span> <span class='ocrx_word' id='word_1_314' title='bbox 283 4208 365 4268; x_wconf 87' lang='lat' dir='ltr'>lwan</span> <span class='ocrx_word' id='word_1_315' title='bbox 400 4207 574 4267; x_wconf 88' lang='lat' dir='ltr'>canonicus</span> <span class='ocrx_word' id='word_1_316' title='bbox 605 4206 644 4267; x_wconf 94' lang='lat' dir='ltr'>de</span> <span class='ocrx_word' id='word_1_317' title='bbox 679 4205 878 4283; x_wconf 89' lang='lat' dir='ltr'>Marawcha;</span> <span class='ocrx_word' id='word_1_318' title='bbox 912 4205 1050 4267; x_wconf 91' lang='lat' dir='ltr'>donatus</span> <span class='ocrx_word' id='word_1_319' title='bbox 1081 4204 1214 4266; x_wconf 89' lang='lat' dir='ltr'>ecclesie</span> <span class='ocrx_word' id='word_1_320' title='bbox 1246 4224 1302 4286; x_wconf 89' lang='lat' dir='ltr'>per</span> <span class='ocrx_word' id='word_1_321' title='bbox 1327 4206 1450 4268; x_wconf 91' lang='lat' dir='ltr'>dictum</span> 
     </span>
     <span class='ocr_line' id='line_1_37' title="bbox 189 4310 1450 4394; baseline -0.001 -19"><span class='ocrx_word' id='word_1_322' title='bbox 189 4314 359 4375; x_wconf 89' lang='lat' dir='ltr'>dominum</span> <span class='ocrx_word' id='word_1_323' title='bbox 385 4313 539 4391; x_wconf 89' lang='lat' dir='ltr'>iwanum,</span> <span class='ocrx_word' id='word_1_324' title='bbox 564 4313 707 4394; x_wconf 89' lang='lat' dir='ltr'>signatus</span> <span class='ocrx_word' id='word_1_325' title='bbox 730 4314 789 4374; x_wconf 89' lang='lat' dir='ltr'>sub</span> <span class='ocrx_word' id='word_1_326' title='bbox 814 4312 895 4393; x_wconf 92' lang='lat' dir='ltr'>pede</span> <span class='ocrx_word' id='word_1_327' title='bbox 917 4313 1025 4374; x_wconf 90' lang='lat' dir='ltr'>litera:</span> <span class='ocrx_word' id='word_1_328' title='bbox 1061 4312 1113 4389; x_wconf 91' lang='lat' dir='ltr'>l·l.,</span> <span class='ocrx_word' id='word_1_329' title='bbox 1137 4310 1290 4393; x_wconf 90' lang='lat' dir='ltr'>ponderis</span> <span class='ocrx_word' id='word_1_330' title='bbox 1314 4313 1450 4374; x_wconf 87' lang='lat' dir='ltr'>duarum</span> 
     </span>
     <span class='ocr_line' id='line_1_38' title="bbox 189 4417 1133 4490; baseline -0.002 -8"><span class='ocrx_word' id='word_1_331' title='bbox 189 4439 367 4482; x_wconf 89' lang='lat' dir='ltr'>marcarum</span> <span class='ocrx_word' id='word_1_332' title='bbox 391 4439 463 4480; x_wconf 91' lang='lat' dir='ltr'>cum</span> <span class='ocrx_word' id='word_1_333' title='bbox 481 4418 623 4490; x_wconf 33' lang='lat' dir='ltr'>,dimidia</span> <span class='ocrx_word' id='word_1_334' title='bbox 649 4419 755 4480; x_wconf 90' lang='lat' dir='ltr'>minus</span> <span class='ocrx_word' id='word_1_335' title='bbox 779 4419 880 4480; x_wconf 88' lang='lat' dir='ltr'>tribus</span> <span class='ocrx_word' id='word_1_336' title='bbox 904 4417 1133 4480; x_wconf 73' lang='lat' dir='ltr'>nehezekonis‚</span> 
     </span>
    </p>

    <p class='ocr_par' dir='ltr' id='par_1_9' title="bbox 187 4523 1451 4821">
     <span class='ocr_line' id='line_1_39' title="bbox 291 4523 1450 4606; baseline -0.003 -18"><span class='ocrx_word' id='word_1_337' title='bbox 291 4523 371 4589; x_wconf 90' lang='lat' dir='ltr'>Item</span> <span class='ocrx_word' id='word_1_338' title='bbox 397 4546 479 4587; x_wconf 90' lang='lat' dir='ltr'>unus</span> <span class='ocrx_word' id='word_1_339' title='bbox 503 4525 585 4587; x_wconf 90' lang='lat' dir='ltr'>alius</span> <span class='ocrx_word' id='word_1_340' title='bbox 609 4525 691 4587; x_wconf 86' lang='lat' dir='ltr'>calix</span> <span class='ocrx_word' id='word_1_341' title='bbox 708 4545 780 4587; x_wconf 90' lang='lat' dir='ltr'>cum</span> <span class='ocrx_word' id='word_1_342' title='bbox 806 4536 922 4606; x_wconf 85' lang='lat' dir='ltr'>patena</span> <span class='ocrx_word' id='word_1_343' title='bbox 939 4545 1006 4603; x_wconf 90' lang='lat' dir='ltr'>sua,</span> <span class='ocrx_word' id='word_1_344' title='bbox 1035 4525 1074 4586; x_wconf 90' lang='lat' dir='ltr'>de</span> <span class='ocrx_word' id='word_1_345' title='bbox 1099 4537 1243 4604; x_wconf 84' lang='lat' dir='ltr'>argentO,</span> <span class='ocrx_word' id='word_1_346' title='bbox 1269 4523 1450 4602; x_wconf 90' lang='lat' dir='ltr'>deauratus,</span> 
     </span>
     <span class='ocr_line' id='line_1_40' title="bbox 189 4629 1451 4714; baseline -0.002 -22"><span class='ocrx_word' id='word_1_347' title='bbox 189 4633 332 4694; x_wconf 90' lang='lat' dir='ltr'>innodo</span> <span class='ocrx_word' id='word_1_348' title='bbox 366 4632 487 4693; x_wconf 88' lang='lat' dir='ltr'>habens</span> <span class='ocrx_word' id='word_1_349' title='bbox 520 4632 627 4693; x_wconf 82' lang='lat' dir='ltr'>literas</span> <span class='ocrx_word' id='word_1_350' title='bbox 659 4632 808 4714; x_wconf 87' lang='lat' dir='ltr'>scriptas:</span> <span class='ocrx_word' id='word_1_351' title='bbox 842 4631 928 4693; x_wconf 80' lang='lat' dir='ltr'>AVE</span> <span class='ocrx_word' id='word_1_352' title='bbox 962 4630 1118 4708; x_wconf 81' lang='lat' dir='ltr'>MARlA,</span> <span class='ocrx_word' id='word_1_353' title='bbox 1150 4629 1395 4711; x_wconf 85' lang='lat' dir='ltr'>supra&#39;nodum</span> <span class='ocrx_word' id='word_1_354' title='bbox 1420 4644 1451 4691; x_wconf 93' lang='lat' dir='ltr'>et</span> 
     </span>
     <span class='ocr_line' id='line_1_41' title="bbox 187 4737 1449 4821; baseline -0.002 -21"><span class='ocrx_word' id='word_1_355' title='bbox 187 4739 287 4800; x_wconf 91' lang='lat' dir='ltr'>eciam</span> <span class='ocrx_word' id='word_1_356' title='bbox 313 4739 372 4800; x_wconf 89' lang='lat' dir='ltr'>sub</span> <span class='ocrx_word' id='word_1_357' title='bbox 397 4738 495 4816; x_wconf 93' lang='lat' dir='ltr'>nodo,</span> <span class='ocrx_word' id='word_1_358' title='bbox 519 4738 662 4820; x_wconf 90' lang='lat' dir='ltr'>signatus</span> <span class='ocrx_word' id='word_1_359' title='bbox 679 4739 738 4799; x_wconf 89' lang='lat' dir='ltr'>sub</span> <span class='ocrx_word' id='word_1_360' title='bbox 756 4737 838 4820; x_wconf 91' lang='lat' dir='ltr'>pede</span> <span class='ocrx_word' id='word_1_361' title='bbox 857 4737 966 4802; x_wconf 88' lang='lat' dir='ltr'>litera:</span> <span class='ocrx_word' id='word_1_362' title='bbox 991 4739 1030 4800; x_wconf 88' lang='lat' dir='ltr'>K.</span> <span class='ocrx_word' id='word_1_363' title='bbox 1054 4737 1208 4821; x_wconf 89' lang='lat' dir='ltr'>ponderis</span> <span class='ocrx_word' id='word_1_364' title='bbox 1231 4737 1326 4797; x_wconf 90' lang='lat' dir='ltr'>unius</span> <span class='ocrx_word' id='word_1_365' title='bbox 1343 4756 1449 4798; x_wconf 87' lang='lat' dir='ltr'>marce</span> 
     </span>
    </p>
   </div>
   <div class='ocr_carea' id='block_1_3' title="bbox 186 4843 1354 4967">
    <p class='ocr_par' dir='ltr' id='par_1_10' title="bbox 186 4843 1354 4967">
     <span class='ocr_line' id='line_1_42' title="bbox 186 4843 1354 4967; baseline 0 -62"><span class='ocrx_word' id='word_1_366' title='bbox 186 4863 258 4905; x_wconf 88' lang='lat' dir='ltr'>cum</span> <span class='ocrx_word' id='word_1_367' title='bbox 284 4843 390 4906; x_wconf 89' lang='lat' dir='ltr'>media</span> <span class='ocrx_word' id='word_1_368' title='bbox 415 4858 446 4906; x_wconf 93' lang='lat' dir='ltr'>et</span> <span class='ocrx_word' id='word_1_369' title='bbox 468 4843 641 4906; x_wconf 91' lang='lat' dir='ltr'>duodecim</span> <span class='ocrx_word' id='word_1_370' title='bbox 666 4843 821 4927; x_wconf 84' lang='lat' dir='ltr'>nehezyk.</span> <span class='ocrx_word' id='word_1_371' title='bbox 1329 4927 1354 4967; x_wconf 56' lang='lat' dir='ltr'>a</span> 
     </span>
    </p>
   </div>
   <div class='ocr_carea' id='block_1_4' title="bbox 0 0 1714 5250">
    <p class='ocr_par' dir='ltr' id='par_1_11' title="bbox 0 0 1714 5250">
     <span class='ocr_line' id='line_1_43' title="bbox 0 0 1714 5250; baseline 0 6"><span class='ocrx_word' id='word_1_372' title='bbox 0 0 1714 5250; x_wconf 95' lang='lat' dir='ltr'> </span> 
     </span>
    </p>
   </div>
  </div>
 </body>
</html>
