3428 5256
631 1317 759 1417 (Anno
787 1317 944 1407 Domini
971 1317 1125 1416 novt.)

262 1655 350 1732 Item
378 1657 410 1730 in
441 1679 535 1730 anno
567 1653 709 1730 Domini
739 1656 926 1731 millesimo
966 1657 1256 1756 quingentesimo
1287 1665 1393 1732 sexto
1433 1666 1523 1733 tem·

262 1803 350 1878 pore
378 1780 546 1854 videlicet
573 1780 675 1854 tercii
706 1778 887 1876 judicatus
926 1782 1177 1879 circumspecti
1215 1791 1253 1856 et
1287 1781 1431 1856 honesti
1460 1783 1524 1855 viri

261 1903 413 1979 Emerici
458 1902 656 2004 llylrwlych
698 1902 756 1977 lilii
798 1903 985 1993 Demetrii,
1028 1904 1188 1979 moderni
1226 1904 1356 2002 judicis
1399 1906 1525 1993 nostri,

262 2052 412 2128 presens
451 2037 660 2127 quaternum
699 2035 758 2100 est
793 2029 1034 2126 conscriptum
1071 2029 1128 2102 die
1164 2029 1342 2103 dominico
1378 2029 1411 2103 in
1441 2051 1523 2127 pro-

538 2149 636 2225 festo
667 2147 922 2224 Purificacions
950 2152 1060 2226 beate
1088 2151 1249 2250 virginis

772 2373 809 2437 (1.
828 2363 1005 2437 februaris).

369 2520 465 2594 Quod
492 2520 565 2600 quia
592 2539 650 2580 nos
675 2519 889 2580 communitas
919 2519 1199 2600 Montisgrecensis
1235 2519 1401 2601 quoddam
1428 2517 1526 2580 fenile

263 2642 418 2703 nostrum,
445 2629 532 2708 prius
556 2626 793 2700 condicionale,
820 2641 850 2686 et
882 2645 940 2706 pro
970 2645 1054 2687 nunc
1088 2626 1283 2703 libertatum,
1308 2627 1339 2686 in
1365 2626 1526 2687 territorio

263 2747 372 2794 nostro
397 2753 452 2793 seu
478 2733 614 2793 civitatis
639 2731 760 2812 prefate
795 2733 826 2791 in
860 2750 975 2812 campo
1008 2748 1117 2792 nostro
1142 2731 1376 2814 Czirquischya
1399 2746 1527 2808 vocato,

263 2840 345 2900 inter
370 2838 478 2900 senilia
503 2839 651 2899 similiter
675 2853 781 2899 nostra
807 2838 1004 2913 eommunia,
1028 2839 1069 2898 ab
1086 2838 1234 2900 orientali
1261 2852 1360 2920 parte,
1384 2841 1424 2899 ab
1442 2839 1525 2899 occi·

263 2944 382 3006 dentali
408 2959 438 3006 et
463 2966 478 3004 a
507 2943 709 3005 meridionali
730 2943 874 3025 partibus
890 2943 991 3024 spinis
1014 2959 1044 3003 et
1061 2945 1212 3023 vepribus
1229 2943 1372 3026 undique
1391 2944 1526 3005 circum·

263 3050 383 3124 voluta,
408 3050 552 3109 habitum
578 3066 608 3109 et
633 3051 782 3124 existens,
808 3049 912 3130 ipsum
944 3048 1067 3110 scilicet
1091 3048 1189 3110 fenile
1222 3065 1328 3110 nostre
1353 3049 1526 3110 collacioui

263 3155 462 3228 devolutum,
480 3155 575 3215 simul
600 3174 673 3214 curn
692 3155 843 3215 omnibus
859 3155 1004 3215 eiusdem
1022 3155 1102 3235 prati
1120 3175 1177 3216 seu
1196 3153 1302 3216 fertilis
1324 3154 1527 3232 utilitatibus,

263 3261 384 3335 juribus
419 3276 449 3321 et
474 3262 680 3341 pertinenciis
705 3261 862 3322 universis
895 3261 963 3321 viro
996 3261 1133 3339 provido
1157 3276 1187 3322 et
1212 3261 1348 3323 honesto
1374 3261 1525 3323 Michaeli

263 3367 399 3441 literato,
423 3367 580 3427 moderno
605 3367 728 3426 decano
761 3383 882 3439 nostro,
914 3385 949 3426 ac
982 3386 1037 3447 per
1068 3385 1141 3426 eum
1167 3367 1232 3427 suis
1264 3366 1443 3427 heredibus
1467 3386 1528 3448 pro

262 3493 315 3534 sex
341 3473 410 3534 tior.
436 3474 514 3541 auri,
548 3492 602 3553 per
636 3472 774 3533 eundern
802 3472 992 3533 llichaelem
1024 3473 1182 3533 decanum
1215 3473 1309 3533 nobis
1344 3473 1528 3554 persolutis,

264 3580 469 3641 vendidimus
500 3595 530 3641 et
562 3580 761 3641 contulimus
794 3579 860 3655 jure
892 3593 1048 3659 perpetuo
1077 3592 1108 3639 et
1142 3579 1395 3640 irrevocabiliter
1425 3580 1528 3661 possi·

264 3687 425 3758 dendum;
450 3688 499 3746 cui
526 3686 599 3746 data
624 3700 670 3745 est
696 3687 788 3746 litera
813 3685 1031 3765 privilegialis.
1070 3685 1187 3745 Datum
1213 3685 1244 3744 in
1270 3683 1352 3746 iesto
1377 3684 1528 3748 Purifica-

265 3794 367 3853 tionis
392 3793 503 3864 liarie,
528 3813 614 3852 anno
640 3791 773 3872 prefato.

372 3900 469 3970 Quod
495 3899 569 3978 quia
596 3918 655 3958 nos
675 3898 891 3957 communitas
916 3896 1195 3975 biontisgrecensia
1221 3897 1385 3977 quandam
1409 3911 1528 3961 terram

266 4020 407 4064 nostram
434 4006 579 4076 liberam,
602 4004 682 4064 duas
699 4003 800 4062 dietas
825 4003 855 4061 in
881 4022 913 4060 se
930 4002 1163 4072 continentem,
1187 4002 1227 4061 ad
1245 4021 1304 4061 nos
1328 4002 1529 4082 devolutam,

266 4111 297 4170 in
323 4111 501 4170 monticulo
527 4110 618 4170 llicza
644 4125 757 4170 uocato
774 4123 804 4169 et
828 4108 989 4168 territorio
1019 4121 1139 4180 nostro,
1157 4107 1239 4167 iuter
1260 4108 1388 4169 vineam
1407 4108 1528 4172 Mathei

267 4215 437 4299 Zuachych
463 4217 538 4275 dicti
576 4231 605 4275 et
630 4230 711 4276 terre
737 4229 843 4274 nostre
875 4213 1056 4273 communis
1087 4232 1104 4272 a
1129 4211 1347 4285 meridionali,
1378 4215 1420 4274 ab
1444 4215 1530 4276 occi·

267 4322 388 4383 dentali
414 4342 490 4382 vero
516 4324 596 4382 inter
618 4324 743 4382 vineam
765 4319 930 4381 Michaelis
948 4317 1105 4399 pelliticis.
1131 4317 1278 4378 moderni
1304 4317 1398 4389 iurati
1416 4322 1530 4400 nostri,

267 4448 285 4488 a
310 4444 398 4510 parte
422 4429 676 4509 septemtrionali
702 4430 752 4486 ria
777 4427 959 4487 communis
983 4425 1088 4484 eidem
1115 4425 1207 4484 vinee
1233 4423 1399 4486 Michaelis
1422 4427 1531 4490 dener·

268 4535 358 4595 ciens
380 4549 411 4595 et
434 4534 518 4607 aliis,
541 4537 581 4595 ab
605 4533 753 4595 orientali
779 4551 855 4592 vero
880 4530 1028 4591 similiter
1044 4530 1095 4589 via
1119 4528 1314 4604 communis,
1337 4529 1481 4594 habitam
1497 4549 1533 4597 et

269 4642 470 4717 existentem,
493 4642 590 4702 simul
614 4660 687 4701 cum
712 4640 865 4700 omnihus
895 4635 1038 4696 eiusdem
1064 4648 1147 4694 terre
1178 4633 1382 4711 utilitatibus,
1405 4635 1532 4716 juribm

269 4762 300 4810 et
323 4748 532 4831 pertinenciis
555 4746 724 4822 universis,
747 4743 896 4825 prudenti
914 4756 945 4802 et
968 4741 1200 4822 circumspecto
1216 4737 1368 4803 Emerioo
1389 4741 1532 4827 literato,
