3428 5256
97 275 158 339 292
647 252 799 314 Rationes.

98 364 324 372 --------
334 362 583 371 --ι--η-ι-
796 358 1396 371 —-———-——

169 497 172 503 ·
202 467 279 530 ltem
305 467 335 528 in
361 466 448 527 curia
472 465 550 527 olim
576 465 699 526 domini
727 463 893 527 Michaelis
926 460 1098 545 Raffnycz,
1125 465 1320 530 cellarium
1344 488 1401 551 per

97 573 266 635 dominum
291 572 472 635 iohannem
490 571 737 633 Camarcensem
756 571 796 632 de
816 590 901 631 novo
918 567 1037 630 factum
1055 569 1166 633 simul
1198 593 1298 637 cum..
1313 588 1400 637 tecto

97 679 253 756 eiusdem,
276 679 422 741 estimata
447 677 487 739 ad
511 676 579 743 flor.
603 678 674 755 XX,
695 695 792 758 quam
811 675 981 757 pecuniam
1006 675 1173 756 magister
1206 679 1342 743 Paulus
1359 681 1400 743 de

97 785 260 870 Rowycha
285 784 379 866 plene
404 783 633 865 persolvit...
666 782 736 846 flor.
761 783 833 846 llll.

208 909 285 970 ltem
319 909 351 969 in
384 908 470 969 curia
511 906 676 987 quondam
716 905 859 987 magistri
893 904 1031 967 Emerici
1074 904 1120 967 de
1159 908 1400 975 Loscalrovrcz

98 1016 214 1078 domus
238 1034 294 1097 per
318 1034 392 1076 eum
417 1014 558 1075 totaliter
589 1027 671 1075 tecta
706 1012 804 1073 simul
836 1031 909 1073 cum
941 1011 1080 1093 coquina
1107 1025 1145 1076 et
1172 1032 1294 1098 porta,
1321 1022 1400 1081 esti-

97 1136 181 1184 mata
206 1121 274 1183 flor.
298 1121 338 1199 X,
362 1139 460 1200 quam
485 1120 655 1202 pecuniam
681 1118 834 1180 dominus
867 1117 1030 1179 lohannes
1055 1119 1256 1186 modernus
1284 1141 1400 1189 custos

97 1228 264 1290 solvit...
290 1226 358 1289 flor.
382 1227 421 1289 X.

203 1333 279 1394 ltem
305 1333 336 1393 in
362 1332 448 1393 curia
481 1332 647 1412 quondam
680 1330 804 1392 domini
834 1329 966 1412 Georgii
999 1328 1237 1397 archidiaconi
1271 1338 1397 1417 Vasce,

96 1439 244 1521 superior
268 1437 385 1499 domus
409 1437 525 1499 camini
560 1457 631 1498 cum
656 1437 783 1518 porticu
817 1451 847 1498 et
882 1436 971 1512 aliis;
1004 1437 1078 1498 item
1109 1449 1246 1503 tectura
1277 1460 1317 1507 et
1342 1466 1392 1508 re·

98 1545 295 1606 formatione
320 1545 423 1605 tocius
447 1544 574 1620 domus,
599 1543 738 1623 coquina
764 1544 858 1620 bona,
883 1555 980 1623 puteo
1004 1541 1155 1604 similiter
1176 1546 1293 1629 bono,
1315 1554 1395 1614 esti·

98 1665 181 1712 mata
206 1650 245 1711 ad
263 1649 331 1713 flor.
354 1650 421 1728 LX,
445 1669 503 1731 pro
528 1669 589 1730 qua
612 1648 691 1710 nihil
717 1663 763 1711 est
787 1649 939 1711 solutum.

203 1775 280 1835 ltem
305 1774 336 1834 in
362 1774 448 1835 curia
465 1773 723 1835 reverendissimi
748 1773 873 1834 domini
893 1772 1058 1854 Stephani,
1075 1774 1235 1838 moderni
1262 1782 1392 1845 suffra·

96 1881 201 1962 ganei,
226 1880 396 1941 erchirium
422 1899 477 1961 per
502 1880 689 1960 magistrum
714 1878 918 1941 Clementem
943 1894 1073 1956 tectum,
1105 1881 1310 1948 estimatum
1339 1892 1384 1950 ad

98 1986 166 2048 flor.
185 1985 251 2068 l¹f„
268 2006 365 2067 quam
379 1986 549 2068 pecuniam
567 1985 652 2046 idem
672 1985 823 2046 dominus
842 1985 1022 2067 Stephanus
1039 1984 1177 2049 solvit..
1193 2035 1199 2049 .
1215 1988 1293 2056 flor.
1314 1994 1388 2079 17„

203 2091 279 2154 ltem
306 2092 460 2170 incuria,
494 2112 591 2172 quam
625 2093 791 2172 quondam
824 2093 974 2174 magister
1006 2091 1167 2174 Georgius
1195 2096 1241 2158 de
1268 2099 1384 2182 Myle·

98 2199 182 2261 tincz
215 2198 425 2276 inhabitabat,
459 2197 576 2258 domus
607 2217 664 2279 per
695 2199 834 2259 eundem
872 2200 912 2259 de
944 2218 1030 2259 novo
1063 2196 1143 2260 facta
1168 2198 1272 2263 simul
1298 2225 1382 2268 cum

99 2306 229 2367 cellario
255 2318 285 2366 et
304 2305 453 2385 coquina,
471 2304 615 2364 estimata
640 2304 679 2364 ad
697 2303 765 2367 flor.
782 2304 880 2382 Lxx,
898 2324 995 2385 quam
1014 2304 1184 2386 pecuniam
1209 2306 1383 2375 dominus

98 2412 251 2474 Nicolaus
275 2411 315 2471 de
341 2411 459 2488 Bucha,
492 2410 666 2471 modernus
690 2411 805 2488 Vaska,
830 2411 1059 2492 persolvit...
1084 2410 1151 2473 flor.
1176 2412 1279 2479 LXX.

205 2536 281 2597 ltem
308 2536 339 2596 in
365 2536 452 2596 curia
481 2535 605 2596 domini
640 2536 863 2596 Kamarcensis
895 2555 954 2616 pro
988 2534 1222 2596 reformatione
1248 2537 1380 2603 domus

99 2662 154 2725 per
178 2641 344 2722 quondam
369 2641 537 2701 dominum
565 2638 743 2721 Georgium
778 2639 1015 2721 suffraganeum
1047 2638 1217 2703 reformata
1242 2641 1277 2703 in
1304 2659 1376 2708 tec·

98 2762 169 2810 tura
193 2747 289 2808 simul
314 2766 386 2807 cum
413 2761 504 2828 porta
529 2760 560 2806 et
583 2747 665 2823 aliis,
690 2747 836 2808 estimata
860 2746 900 2807 ad
929 2746 997 2810 flor.
1021 2746 1118 2824 XVll,
1143 2765 1240 2827 quam
1266 2769 1374 2830 pecu-

100 2854 186 2913 niam
213 2853 279 2933 ipse
305 2852 457 2912 dominus
481 2852 643 2913 lohannes
668 2853 892 2914 Kamarcensis
924 2853 1150 2934 persolvit...
1175 2852 1242 2916 flor.
1267 2855 1373 2922 XVll.

206 2976 283 3037 ltem
309 2976 448 3056 coquina
474 2976 504 3035 in
530 2977 616 3037 curia
641 2977 806 3056 quondam
833 2976 956 3037 domini
983 2977 1121 3038 cantoris
1146 2976 1293 3039 estimata
1325 2984 1369 3042 ad

102 3082 170 3145 flor.
195 3096 280 3160 octo,
305 3101 400 3162 super
425 3101 487 3161 qua
519 3083 685 3144 solucione
718 3084 885 3144 absolutus
910 3098 955 3144 est
988 3102 1044 3164 per
1067 3082 1174 3143 literas
1199 3082 1368 3147 Reveren-

101 3189 222 3250 dissimi
249 3188 372 3248 domini
399 3189 496 3249 nostri
523 3189 667 3249 Andreas
692 3191 864 3271 organista.

205 3293 282 3356 ltem
308 3295 424 3355 domus
449 3296 613 3374 quondam
639 3296 781 3377 magistri
804 3296 933 3358 Thome
958 3295 1117 3377 Thompa,
1142 3315 1198 3379 per
1221 3297 1365 3360 eundem

101 3400 192 3478 facta,
217 3401 362 3461 estimata
387 3401 426 3460 ad
452 3399 519 3462 flor.
544 3402 611 3478 xL,
636 3422 733 3482 quarn
759 3404 929 3483 pecuniam
948 3403 1101 3463 dominus
1125 3402 1279 3463 Nicolaus
1295 3404 1365 3483 ple·

101 3509 201 3567 banus
225 3507 264 3565 de
291 3506 384 3566 Vrina
409 3521 440 3567 et
463 3506 708 3568 archidiaconus
741 3509 924 3570 dubicensis
947 3508 1176 3589 persolvit...
1201 3507 1269 3570 flor.
1295 3509 1367 3576 XL.

207 3631 283 3691 ltem
311 3629 340 3692 in
367 3631 463 3701 curia,
488 3650 586 3710 quam
611 3633 761 3712 magister
791 3631 956 3692 Emericus
990 3632 1029 3692 de
1053 3648 1160 3695 sancta
1186 3632 1290 3695 Cruce
1316 3632 1364 3695 in·

100 3737 263 3798 habitabat
289 3752 318 3796 et
344 3737 374 3796 in
401 3752 484 3796 certa
509 3737 556 3796 sui
581 3754 668 3818 parte
698 3735 936 3814 reformaverat,
961 3737 1056 3797 simul
1082 3757 1154 3799 cum
1180 3753 1270 3820 porta
1289 3740 1363 3800 esti-

102 3859 184 3904 mata
210 3844 249 3903 ad
276 3842 343 3904 flor.
368 3843 406 3917 X,
432 3862 527 3922 quam
554 3845 723 3924 pecuniam
745 3843 895 3923 magister
913 3842 1032 3902 Paulus
1056 3842 1095 3904 de
1121 3840 1273 3926 lwanych
1292 3864 1363 3925 per·

100 3950 265 4011 solvit...
291 3949 359 4009 flur.
385 3949 421 4012 X.

211 4055 284 4115 ltem
312 4055 429 4114 domus
454 4056 595 4134 magistri
621 4055 749 4115 Andree
781 4053 820 4114 de
846 4053 976 4137 Razyna
1003 4054 1034 4113 in
1059 4056 1180 4133 angulo
1205 4057 1287 4116 circa
1312 4076 1364 4119 ec-

101 4162 230 4223 clesiam
257 4164 347 4222 beate
373 4162 506 4241 virginis
531 4162 675 4222 estimato
700 4160 739 4221 ad
772 4158 841 4222 flor.
866 4172 951 4236 octo,
976 4178 1073 4239 quam
1100 4163 1269 4240 pecuniam
1297 4181 1362 4224 ma·

99 4268 196 4347 gister
222 4266 334 4328 Gallus
357 4268 435 4328 alias
458 4284 627 4329 succentor
651 4266 880 4348 persolvit...
906 4264 975 4327 flor.
1001 4265 1081 4329 Vlll.

206 4387 281 4450 ltem
317 4391 347 4450 in
381 4390 467 4451 curia
500 4391 666 4471 quondam
698 4388 820 4449 domini
855 4388 983 4450 Martini
1019 4387 1236 4451 archidiaconi
1263 4391 1362 4453 Chas-

102 4496 219 4555 mensis
244 4495 370 4570 domus,
403 4515 498 4576 quarn
534 4496 617 4556 idem
652 4495 691 4556 de
725 4513 809 4555 novo
843 4492 1013 4571 edificavit,
1041 4512 1077 4554 ac
1101 4493 1202 4554 eciam
1228 4496 1361 4559 tlnmum

100 4601 181 4661 circa
206 4616 331 4682 portam
358 4601 479 4679 refecit,
494 4603 638 4664 estimata
664 4600 702 4662 ad
728 4600 797 4661 flor.
814 4598 954 4673 xxxin
977 4598 1033 4658 scd
1051 4611 1180 4680 propter
1205 4600 1362 4681 inperfec-

99 4707 224 4768 cionem
251 4707 367 4767 domus
392 4708 505 4769 iterum
532 4705 590 4769 fuit
615 4707 796 4769 reestimata
821 4723 879 4786 pro
897 4703 1049 4784 magistro
1081 4703 1204 4765 Briccio
1228 4708 1267 4766 tle
1288 4708 1362 4771 lwa-
