3428 5256
223 330 285 391 244
789 305 941 369 Rationes.

329 541 360 586 et
384 522 521 585 Wlkecb
1176 515 1292 602 (solvit)
1316 517 1386 583 XX.
1415 520 1500 582 den.

326 628 404 692 Item
429 630 460 690 in
486 628 585 690 domo
611 625 821 705 Thome,filii
839 626 933 703 Juan,
957 624 1014 687 filii
1041 625 1169 703 Cemer,

222 737 342 800 Micula
1174 727 1291 813 (solvit)
1316 728 1386 793 XX.
1415 731 1497 797 den.

326 841 390 906 lem
404 843 436 902 in
451 840 550 902 domo
564 839 793 917 Obramkonis,
809 838 916 900 Endre
931 839 1035 899 dictus
1047 839 1167 899 Zauala
1177 833 1293 919 (solvit)
1317 833 1385 899 XX.
1415 837 1498 904 den.

327 947 405 1011 Item
431 949 462 1009 in
488 947 588 1009 domo
613 947 731 1028 Matey,
757 947 868 1008 Petrus
896 945 1027 1028 pellifex
1180 940 1296 1028 (solvit)
1336 942 1374 1007 X.
1416 945 1498 1010 den.

679 1139 840 1202 Octava
877 1140 1028 1203 insula.

327 1283 434 1346 Primo
452 1284 483 1344 in
509 1283 608 1344 domo
625 1282 780 1344 Johannis
804 1296 834 1344 et
859 1283 999 1359 Thome,
1023 1280 1166 1344 filiorum

221 1390 350 1468 Cemer,
364 1388 542 1471 Gregorius
1176 1382 1292 1469 (solvit)
1331 1385 1369 1450 X.
1411 1386 1493 1456 den.

325 1494 403 1557 Item
430 1495 460 1556 in
487 1494 586 1556 domo
611 1494 739 1556 Andree
766 1495 889 1570 Pulani,
915 1494 1035 1576 Symon
1175 1489 1291 1576 (solvit)
1315 1491 1385 1557 XX.
1409 1493 1491 1561 den.

327 1599 405 1663 item
430 1600 550 1662 ibidem
568 1599 645 1662 luen
670 1600 808 1683 piscator
1178 1595 1295 1681 (solvit)
1320 1597 1389 1661 XX.
1413 1598 1493 1664 den.

328 1706 406 1768 Item
431 1707 462 1767 in
488 1706 587 1769 domo
613 1705 843 1783 Bartholomei,
869 1705 1032 1766 Johannes
1177 1701 1293 1788 (solvit)
1317 1703 1385 1769 XX.
1409 1705 1489 1771 dea.

328 1812 405 1874 Item
431 1813 462 1874 in
486 1813 585 1874 domo
603 1812 741 1886 Mirusii,
759 1812 896 1874 condam
923 1811 1047 1888 iudicis,
1065 1811 1167 1872 Jarrko

220 1921 374 2003 ligonista
1178 1913 1295 2000 (solvit)
1334 1915 1373 1979 X.
1413 1916 1492 1982 den.

326 2025 403 2089 Item
422 2026 572 2107 magister
590 2026 701 2087 Petrus
717 2024 853 2105 gallicus
878 2023 997 2084 ibidem
1024 2021 1184 2105 (deletum)
1340 2022 1374 2087 L.
1412 2023 1492 2088 den.

323 2130 402 2194 Item
420 2131 451 2192 in
469 2131 568 2192 domo
582 2130 747 2208 Jobannis,
764 2128 820 2190 filii
838 2129 1017 2206 Laurencii,
1032 2129 1182 2191 Marenus
1192 2125 1309 2210 (solvit)
1334 2126 1372 2192 X.
1413 2129 1492 2194 den.

327 2252 358 2300 et
386 2236 562 2319 Gregorius
1195 2231 1312 2317 (solvit)
1336 2233 1375 2299 X.
1413 2234 1493 2302 den.

328 2345 404 2406 item
432 2345 462 2404 in
499 2343 598 2404 domo
637 2343 706 2404 Elie
742 2342 937 2419 stationarii,
971 2341 1169 2403 Laurencius

222 2450 432 2532 teguliparius
1175 2445 1293 2530 (solvit)
1333 2447 1370 2512 X.
1411 2449 1489 2515 den.

327 2555 404 2618 item
430 2557 460 2617 in
487 2557 586 2616 domo
612 2555 780 2632 Anthonii,
804 2553 880 2615 Iuao
909 2556 1048 2636 piscator
1177 2550 1293 2636 (solvet)
1318 2552 1386 2618 XX.
1410 2554 1486 2622 den.

328 2676 359 2724 et
382 2662 474 2724 Vitus
1177 2657 1294 2743 (solvit)
1319 2659 1388 2723 XX.
1412 2661 1491 2728 dem

326 2765 402 2828 Item
430 2767 461 2827 in
488 2767 586 2828 domo
619 2767 740 2844 Jacobi,
773 2767 848 2828 dicti
883 2767 969 2845 Bele,
997 2767 1169 2828 Merclious

223 2872 374 2953 ligonista
1173 2869 1291 2954 (solvit)
1330 2870 1370 2937 X.
1409 2873 1488 2942 deo.

325 2976 402 3040 Item
429 2979 459 3039 in
485 2979 583 3040 domo
608 2979 733 3041 Cusech
758 2978 921 3056 aurifabri,
954 2981 1109 3041 Martinus
1181 2975 1297 3060 (solvit)
1337 2978 1374 3042 X.
1414 2979 1491 3047 den.

330 3099 359 3142 et
386 3084 496 3145 Petrus
1182 3080 1299 3167 (solvo)
1337 3082 1376 3148 X.
1416 3085 1491 3150 deo.

712 3211 828 3271 Nona
854 3210 1003 3272 insula.

332 3350 439 3410 Primo
473 3352 502 3412 in
536 3352 634 3412 domo
668 3353 880 3431 Martinkusii,
914 3354 1094 3435 Stephanus
1126 3352 1170 3415 f-

224 3455 332 3515 mulus
357 3456 492 3537 Mykech
1337 3457 1375 3522 X.
1415 3457 1489 3523 den.

329 3558 405 3622 Item
438 3563 468 3622 io
505 3563 604 3624 domo
637 3563 803 3640 Johanois,
835 3564 891 3627 filii
927 3565 1093 3644 Anthonii,
1119 3567 1172 3628 Jo-

224 3665 346 3727 haooes
370 3683 471 3729 sartor
1182 3667 1299 3753 (solvit)
1323 3669 1390 3735 XX.
1414 3669 1490 3736 den.

329 3770 405 3834 Item
433 3775 551 3836 ibidem
577 3772 655 3836 Iuan
682 3777 785 3837 dictus
810 3776 912 3858 Galga
1179 3773 1296 3860 (solvit)
1320 3775 1388 3841 XX.
1412 3776 1486 3841 den.

329 3876 407 3940 Item
442 3881 471 3940 in
507 3881 606 3941 domo
640 3882 749 3944 relicte
783 3882 981 3965 Pintikachy,
1016 3882 1171 3943 Martinus

226 3984 373 4064 ligonista
1179 3984 1297 4070 (solvit)
1336 3987 1374 4052 X.
1413 3988 1487 4053 den.

330 4089 406 4152 item
440 4094 470 4153 in
508 4093 608 4154 domo
633 4093 751 4156 Cosme
783 4095 955 4173 aurifabri,
987 4094 1171 4156 Anthonius

224 4212 324 4257 sartor
348 4195 517 4279 (desolcovi
538 4219 598 4280 pro
621 4198 722 4264 debito
745 4201 814 4283 suo)
845 4225 852 4264 r
883 4222 978 4265 marc.

607 4410 733 4473 Vicus
759 4412 1112 4476 Teutonicorum.

333 4550 439 4612 Primo
465 4553 495 4612 in
521 4553 620 4614 domo
646 4555 743 4636 Span,
770 4555 934 4618 Franchek
959 4557 1109 4638 ligonista
1179 4554 1297 4640 (solvil)
1338 4555 1376 4620 X.
1415 4557 1489 4621 den.

331 4656 408 4717 ltem
423 4659 453 4718 in
469 4659 567 4719 domo
584 4661 705 4722 Mareni
719 4660 887 4740 Kuzmicb,
906 4662 1017 4725 Petrus
1029 4659 1295 4747 freoiparboloii)
1319 4661 1388 4726 XX.
1414 4664 1488 4728 deo.

331 4760 408 4824 Item
435 4764 464 4825 in
490 4765 590 4826 domo
616 4764 781 4848 Demetrii,
806 4766 942 4853 Mykecb
965 4780 1068 4831 sartor
1181 4767 1298 4853 (solvit)
1336 4765 1373 4832 X.
1413 4768 1489 4835 deo.
