3428 5256
484 1331 611 1425 (Auno
647 1331 805 1422 Domini
842 1332 1246 1439 MGGCGLXXXXIV).

221 1722 257 1798 ln
296 1747 390 1800 anno
430 1724 572 1801 Domini
609 1725 798 1802 millesimo
841 1727 1196 1827 quadringentesimo
1243 1733 1483 1830 nonagesimo

220 1857 362 1947 quarto,
400 1858 565 1949 tempore
593 1849 762 1926 videlicer
784 1850 965 1949 judicatus
995 1853 1133 1951 providi
1172 1861 1210 1929 et
1247 1853 1388 1930 honesti
1418 1857 1481 1932 viri

220 1969 366 2048 Fabiani
387 1972 444 2048 lilii
475 1971 627 2063 Martini,
657 1973 818 2050 moderni
840 1974 982 2072 judicis,
1011 1999 1161 2075 presens
1182 1976 1392 2053 kathemum
1421 1989 1480 2055 est

219 2093 353 2172 lactum
392 2106 431 2172 et
468 2099 708 2197 conscriptum
752 2098 843 2175 feria
880 2107 986 2175 sexta
1023 2100 1186 2199 proxima
1223 2109 1307 2177 ante
1350 2102 1482 2178 festam

606 2221 704 2297 beati
728 2222 899 2322 Johannis
932 2222 1110 2323 Baptiste.

747 2509 814 2583 (20.
830 2508 935 2584 ymerii).

325 2680 422 2755 Quod
448 2681 523 2762 quia
547 2681 696 2763 egregius
720 2681 769 2742 vir
800 2680 952 2743 dominus
976 2681 1121 2743 Andreas
1152 2681 1236 2744 filius
1260 2682 1397 2745 condam
1423 2684 1480 2745 Er·

219 2786 309 2849 hardi
336 2787 564 2849 Holernbarter
588 2787 676 2866 dicti,
700 2788 886 2870 capitaneus
910 2801 940 2849 et
961 2788 1153 2850 castellanus
1177 2789 1314 2850 civitatis
1338 2804 1368 2851 et
1385 2791 1478 2851 castri

219 2893 384 2971 Ciliensis,
408 2894 550 2954 concivis
568 2908 685 2972 noster,
703 2894 833 2975 egregio
852 2893 987 2955 domino
1006 2894 1099 2955 Petro
1119 2894 1266 2978 Boczkay
1283 2895 1322 2956 de
1348 2896 1481 2974 Razina,

220 3014 253 3060 ut
276 2998 340 3079 jam
365 3018 450 3060 novo
475 2999 599 3060 concivi
626 3013 746 3076 nostro,
771 3018 879 3061 coram
908 3015 1014 3062 nostra
1047 3001 1289 3079 communitate,
1314 3003 1408 3062 certis
1433 3022 1480 3063 re·

218 3106 379 3187 spectibus
403 3119 433 3165 et
458 3105 705 3187 complacenciis
721 3104 855 3167 donavit
871 3119 902 3167 et
918 3106 1101 3188 propinavit
1118 3106 1283 3187 quoddam
1306 3107 1478 3190 pallacium

218 3230 312 3272 auum
338 3210 521 3289 desertum,
553 3211 649 3273 simul
683 3231 755 3273 cum
788 3211 906 3272 celario
942 3228 1079 3290 murato,
1110 3212 1257 3274 similiter
1282 3213 1420 3291 deserto,
1445 3234 1480 3275 ac

219 3317 354 3379 cisterna
378 3330 409 3378 et
434 3316 534 3378 fundo
560 3318 590 3378 in
616 3318 700 3379 dicta
725 3318 863 3395 civitate,
888 3317 971 3380 inter
992 3317 1126 3380 domum
1152 3318 1299 3380 similiter
1323 3335 1479 3380 muratam

218 3438 250 3485 et
273 3422 409 3485 fundum
434 3438 465 3485 et
489 3422 636 3485 bedificia
662 3424 786 3505 providi
813 3439 843 3485 et
868 3423 992 3485 honesti
1011 3425 1071 3486 viri
1094 3423 1225 3506 Georgii
1252 3427 1382 3487 sartoris
1400 3427 1480 3487 Kos·

218 3529 354 3614 ltowych
379 3530 467 3608 dicti,
493 3529 640 3591 moderni
666 3530 759 3610 jurati
793 3531 1000 3613 concivisque
1033 3532 1145 3609 nostri,
1169 3531 1209 3592 ab
1234 3551 1307 3609 una,
1332 3530 1482 3593 videlicet

218 3636 409 3699 occidentali
435 3652 534 3719 parte,
559 3651 590 3699 et
614 3637 696 3699 inter
721 3637 856 3698 domum
886 3637 1026 3718 ligneam
1052 3651 1083 3698 et
1109 3636 1245 3698 fundum
1271 3657 1307 3698 ac
1332 3635 1479 3699 hedificia

218 3740 344 3824 providi
371 3741 428 3802 viri
455 3741 619 3804 Benedicti
640 3741 755 3803 rasoris
772 3761 966 3825 pannorum,
983 3743 1190 3823 concivisque
1207 3742 1354 3803 similiter
1371 3743 1481 3821 nostri,

218 3848 257 3908 ab
282 3847 391 3926 altera,
416 3847 565 3910 videlicet
589 3869 606 3909 a
631 3848 885 3930 septemtrionali
920 3865 1020 3931 parte,
1045 3869 1170 3910 necnon
1205 3849 1286 3910 iuter
1311 3849 1390 3909 duas
1415 3850 1481 3909 vias

217 3972 273 4016 seu
296 3953 417 4036 plateas
441 3973 641 4032 communes,
666 3973 763 4015 unam
781 3954 820 4014 ab
845 3962 968 4016 oriente
994 3969 1024 4015 et
1041 3955 1173 4016 aliama
1198 3954 1377 4016 meridione
1394 3955 1480 4032 sitas,

217 4058 324 4121 habite
349 4075 380 4121 et
403 4061 577 4138 existentis,
603 4079 699 4122 unam
723 4061 880 4141 integram
898 4061 1019 4122 curiam
1045 4076 1075 4122 et
1100 4079 1196 4122 unam
1222 4076 1368 4122 octavam
1393 4061 1480 4121 curie

217 4168 256 4228 ad
282 4186 374 4228 uaurn
400 4168 536 4228 civitatis
567 4166 688 4249 prefate
721 4167 752 4228 in
785 4187 818 4228 ae
850 4167 1079 4244 continentem,
1114 4167 1217 4249 ipsum
1247 4182 1479 4247 postmortem

217 4273 330 4357 prelati
357 4273 490 4335 Erhardi
516 4275 684 4357 patrissui
719 4274 785 4354 jure
818 4272 1011 4335 hereditario
1042 4287 1307 4349 concernentem3
1333 4273 1383 4334 cui
1408 4274 1480 4334 data

217 4394 264 4442 ett
288 4380 379 4442 litera
404 4379 625 4463 privilegialis.

324 4504 422 4580 Quod
448 4505 523 4587 quia
549 4505 697 4586 egregius
714 4505 866 4565 dominus
891 4505 1002 4566 Petrus
1021 4504 1168 4586 Boczlray
1186 4504 1225 4565 de
1251 4504 1392 4586 Razyna,
1410 4523 1479 4584 pre·

216 4609 318 4674 latum
342 4612 515 4695 pallacium
541 4631 636 4673 auum
661 4611 824 4674 desertum
841 4610 1060 4694 supradictum
1086 4630 1158 4672 cum
1184 4606 1390 4693 pertinenciis
1407 4610 1479 4671 uni·

216 4720 315 4785 versia
339 4720 441 4783 nobili
466 4733 498 4783 et
529 4719 678 4802 prudenti
712 4719 780 4782 viro
814 4719 954 4781 Sowano
989 4717 1029 4780 de
1063 4716 1232 4780 Florentia
1256 4715 1478 4781 tricesimatori
