3428 5256
826 1050 875 1129 V.

221 1301 325 1376 Anno
360 1298 470 1376 1485.
503 1301 710 1399 Registrum
749 1323 859 1399 super
896 1301 1055 1399 pecuniis
1084 1300 1180 1376 datis
1209 1323 1273 1399 ρετ
1304 1299 1509 1382 Reveren-

221 1426 402 1500 dissimum
433 1425 611 1499 dominum
643 1423 840 1499 Osunldum
870 1425 1079 1524 episcopum
1114 1433 1184 1500 ete.
1215 1424 1260 1500 ad
1288 1424 1399 1504 facta
1430 1453 1503 1506 seu

548 1548 693 1622 labores
722 1547 876 1623 ecclesie
906 1549 1168 1647 zagrabiensis.

327 1757 404 1820 ltem
430 1758 506 1820 feria
533 1758 645 1838 quinta
670 1759 814 1838 proxima
840 1771 911 1839 post
935 1756 1050 1819 festum
1075 1759 1159 1819 beari
1178 1756 1311 1839 Georgii
1337 1761 1503 1841 martiris,

222 1885 277 1947 ρετ
302 1863 426 1946 Gaspar
449 1864 661 1946 presbiterum
687 1864 773 1924 missi
800 1877 873 1924 sunt
891 1864 1066 1925 Benedicto
1084 1863 1258 1925 castellano
1282 1867 1499 1946 zngrabiensi

221 1991 278 2053 per
301 1971 471 2032 dominum
497 1971 536 2030 de
561 1969 718 2046 Dombro‚
744 1969 775 2029 in
802 1970 940 2030 monetis
958 2019 964 2031 .
984 2019 1017 2034 ..
1043 1969 1112 2031 flor.
1137 1968 1205 2032 XX.

327 2074 403 2137 ltem
428 2073 505 2137 ierin
531 2089 617 2136 sexta
643 2075 788 2155 proxima
814 2089 886 2156 post
904 2072 1019 2136 festum
1037 2075 1243 2136 Ascensionis
1261 2075 1408 2155 Domini,
1435 2097 1499 2161 per

222 2183 362 2244 eundem
388 2181 512 2264 Gaspar
544 2182 631 2243 missi
664 2197 738 2242 sunt
769 2182 874 2242 eidem
907 2182 1092 2259 castellano,
1117 2182 1156 2243 de
1180 2181 1324 2243 Dombro
1349 2201 1408 2264 per
1434 2184 1497 2247 do·

223 2291 346 2350 minum
373 2288 690 2349 Reverendissimum
715 2289 746 2348 in
773 2288 984 2349 monetis...
1011 2287 1080 2351 flor.
1105 2285 1214 2353 XXVl.

326 2393 403 2456 ltem
429 2393 508 2455 feria
533 2394 629 2454 tercia
654 2408 726 2475 post
750 2392 866 2454 festum
899 2409 1005 2454 sancte
1038 2393 1205 2455 Trinitatis
1237 2393 1324 2455 missi
1349 2408 1427 2457 sunt
1453 2397 1494 2459 de

221 2499 370 2581 lwanych
388 2547 395 2562 .
416 2548 447 2559 ..
474 2499 541 2562 fior.
566 2497 634 2561 XX.

329 2605 406 2665 lrem
432 2604 509 2666 feria
527 2605 623 2665 tercia
642 2617 714 2664 ante
732 2601 848 2664 festum
875 2605 1007 2665 loannis
1025 2605 1175 2685 Baptisre‚
1202 2604 1265 2666 dati
1291 2617 1365 2664 sunt
1379 2604 1492 2668 eidem

222 2733 278 2793 ρετ
303 2732 416 2773 manus
440 2711 576 2787 domini,
601 2710 756 2790 Zagrabie
775 2760 780 2770 .
800 2759 829 2770 ..
856 2710 925 2773 flor.
949 2708 1082 2774 XXlllll.

329 2816 405 2879 ltem
440 2819 573 2878 sabbato
607 2832 679 2877 ante
714 2816 923 2895 Margarethe,
956 2817 1042 2876 missi
1076 2832 1150 2878 sunt
1181 2817 1285 2878 eidem
1311 2817 1493 2882 castellano

222 2924 421 3003 zagrnbiensi
448 2942 503 3004 per
529 2922 682 2983 Mathiam
710 2922 869 2982 notarium
895 2923 1052 2997 eiusdem,
1075 2942 1112 2982 ex
1139 2923 1248 2985 Dobro
1273 2972 1280 2985 .
1304 2972 1335 2986 ..
1360 2922 1429 2987 flor.
1453 2923 1491 2990 ll.

328 3029 403 3090 ltem
431 3030 544 3089 eodem
571 3027 621 3087 die
647 3027 733 3087 missi
759 3041 832 3087 sunt
857 3047 913 3107 per
936 3027 1103 3088 dominum
1132 3029 1292 3108 Angelum
1319 3029 1490 3092 doctorem

222 3133 345 3213 prelato
371 3133 544 3194 castellano
570 3132 767 3210 zagrabicnsi
795 3151 851 3212 pro
877 3132 1044 3194 laboribus
1062 3134 1195 3195 ecclesie
1222 3135 1253 3195 in
1279 3148 1409 3196 moneta
1435 3156 1492 3197 ve·

222 3253 294 3300 neta
319 3259 374 3320 per
400 3236 513 3299 l⁰XXX
539 3239 699 3298 marketos
724 3257 781 3318 pro
808 3237 941 3311 floreno,
960 3289 966 3298 .
987 3291 1017 3301 ..
1052 3238 1118 3302 flor.
1143 3239 1237 3317 Xllll,

328 3359 358 3406 et
384 3347 413 3405 in
439 3345 550 3405 solidis
576 3342 755 3404 fezalibus.
777 3393 808 3406 ..
843 3342 912 3408 flor.
937 3342 1029 3408 XVll.

329 3452 404 3512 ltem
430 3447 507 3512 leria
541 3450 679 3511 secunda
713 3463 784 3529 post
817 3450 984 3511 divisionis
1016 3453 1267 3533 Apostolorum,
1302 3453 1387 3514 missi
1412 3471 1489 3518 sunt

222 3578 277 3639 ρετ
301 3557 469 3618 dominum
496 3556 661 3617 doctorem
688 3557 719 3616 in
741 3556 980 3618 wiennensibus
997 3606 1002 3618 .
1021 3606 1052 3620 ..
1080 3557 1149 3621 flor.
1175 3558 1223 3622 Vl.

328 3678 359 3725 er
384 3665 415 3723 in
440 3663 625 3725 solidis...
650 3662 719 3724 flor.
743 3659 839 3723 XXll.

328 3769 404 3830 ltenr
439 3771 468 3829 in
503 3766 583 3830 lesto
616 3769 705 3828 beate
741 3768 839 3828 Marie
872 3767 911 3828 de
945 3769 1029 3846 nive,
1062 3772 1149 3832 missi
1181 3786 1255 3834 sunt
1283 3787 1487 3855 perpetrem

223 3877 432 3935 Ambrosium
459 3876 492 3937 in
518 3889 645 3934 moneta
671 3875 855 3956 wyennensi
874 3923 880 3936 .
900 3924 929 3937 ..
954 3874 1023 3939 flor.
1048 3875 1170 3942 XXllll.

329 3981 405 4042 ltem
434 3982 464 4041 in
489 3979 571 4042 festo
592 3980 833 4060 Assumpcionis
847 3981 937 4041 beate
956 3981 1088 4060 virginis
1102 3983 1188 4043 missi
1213 4000 1287 4046 sunt
1309 4004 1363 4066 per
1382 3984 1488 4064 Milon,

225 4088 343 4147 Lucam
369 4102 399 4147 et
425 4087 634 4147 Benedictum
662 4087 746 4146 cives
778 4087 816 4145 de
842 4085 1096 4168 Hrnzthowyczn
1129 4087 1168 4148 ad
1200 4089 1327 4150 labores
1351 4089 1485 4153 ecclesie

224 4194 254 4252 in
280 4193 465 4255 solidis...
490 4193 557 4254 flor.
582 4190 641 4253 XX
665 4206 694 4252 et
721 4192 890 4271 regalibus.

328 4297 405 4359 ltem
432 4296 507 4359 seria
534 4297 644 4378 quinta
670 4299 701 4358 in
728 4310 839 4358 octava
863 4296 945 4357 beati
965 4296 1133 4359 Laurentii
1159 4299 1308 4378 martiris,
1333 4303 1487 4383 magistro

225 4402 388 4483 Stephano
414 4404 642 4464 archidiacono
656 4401 823 4465 Goricensi
850 4415 881 4463 et
898 4401 1074 4463 Benedicto
1091 4404 1266 4466 castellano
1284 4409 1485 4487 zagrnbiensi

225 4511 370 4571 misimus
404 4531 458 4592 per
493 4511 752 4572 Marrhinkonem
785 4508 997 4591 nprodinnum
1031 4524 1175 4571 nostrum
1208 4511 1240 4571 in
1275 4515 1487 4578 monetis...

224 4615 292 4681 flor.
316 4614 387 4678 XXl
413 4636 471 4698 pro
496 4617 643 4677 emendis
666 4614 831 4679 claviculis
861 4613 902 4676 nd
926 4613 1095 4677 ecclesium
1120 4615 1364 4681 Chermensem.

750 4796 960 4816 *-
