<?xml version="1.0" encoding="UTF-8"?>
<!DOCTYPE html PUBLIC "-//W3C//DTD XHTML 1.0 Transitional//EN"
    "http://www.w3.org/TR/xhtml1/DTD/xhtml1-transitional.dtd">
<html xmlns="http://www.w3.org/1999/xhtml" xml:lang="en" lang="en">
 <head>
  <title>
</title>
<meta http-equiv="Content-Type" content="text/html;charset=utf-8" />
  <meta name='ocr-system' content='tesseract 3.04.00' />
  <meta name='ocr-capabilities' content='ocr_page ocr_carea ocr_par ocr_line ocrx_word'/>
</head>
<body>
  <div class='ocr_page' id='page_1' title='image "./monumentahistor02laszgoog_0150.png"; bbox 0 0 3428 5256; ppageno 0'>
   <div class='ocr_carea' id='block_1_1' title="bbox 759 338 1490 454">
    <p class='ocr_par' dir='ltr' id='par_1_1' title="bbox 759 338 1490 454">
     <span class='ocr_line' id='line_1_1' title="bbox 759 338 1490 454; baseline -0.001 -24"><span class='ocrx_word' id='word_1_1' title='bbox 759 338 846 430; x_wconf 74' lang='lat' dir='ltr'>Anna</span> <span class='ocrx_word' id='word_1_2' title='bbox 870 383 959 449; x_wconf 80' lang='lat'><em>1514.</em></span> <span class='ocrx_word' id='word_1_3' title='bbox 1449 393 1490 454; x_wconf 86' lang='lat'>99</span> 
     </span>
    </p>
   </div>
   <div class='ocr_carea' id='block_1_2' title="bbox 228 478 434 487">
    <p class='ocr_par' dir='ltr' id='par_1_2' title="bbox 228 478 434 487">
     <span class='ocr_line' id='line_1_2' title="bbox 228 478 434 487; baseline -0.01 0"><span class='ocrx_word' id='word_1_4' title='bbox 228 478 434 487; x_wconf 75' lang='lat'>...—</span> 
     </span>
    </p>
   </div>
   <div class='ocr_carea' id='block_1_3' title="bbox 196 582 1491 4806">
    <p class='ocr_par' dir='ltr' id='par_1_3' title="bbox 223 582 1491 982">
     <span class='ocr_line' id='line_1_3' title="bbox 224 582 1490 665; baseline 0.002 -22"><span class='ocrx_word' id='word_1_5' title='bbox 224 583 300 643; x_wconf 82' lang='lat' dir='ltr'>silve</span> <span class='ocrx_word' id='word_1_6' title='bbox 326 584 530 659; x_wconf 80' lang='lat' dir='ltr'>utilitatibus,</span> <span class='ocrx_word' id='word_1_7' title='bbox 555 583 666 643; x_wconf 89' lang='lat' dir='ltr'>usibus</span> <span class='ocrx_word' id='word_1_8' title='bbox 690 597 721 643; x_wconf 93' lang='lat' dir='ltr'>et</span> <span class='ocrx_word' id='word_1_9' title='bbox 744 582 951 664; x_wconf 85' lang='lat' dir='ltr'>pertinenciis</span> <span class='ocrx_word' id='word_1_10' title='bbox 968 583 1124 644; x_wconf 86' lang='lat' dir='ltr'>universis</span> <span class='ocrx_word' id='word_1_11' title='bbox 1141 584 1278 665; x_wconf 92' lang='lat' dir='ltr'>provido</span> <span class='ocrx_word' id='word_1_12' title='bbox 1296 599 1326 644; x_wconf 91' lang='lat' dir='ltr'>et</span> <span class='ocrx_word' id='word_1_13' title='bbox 1354 582 1490 646; x_wconf 91' lang='lat' dir='ltr'>honesto</span> 
     </span>
     <span class='ocr_line' id='line_1_4' title="bbox 224 688 1491 772; baseline 0.005 -27"><span class='ocrx_word' id='word_1_14' title='bbox 224 689 292 749; x_wconf 90' lang='lat' dir='ltr'>viro</span> <span class='ocrx_word' id='word_1_15' title='bbox 318 688 460 771; x_wconf 91' lang='lat' dir='ltr'>Georgio</span> <span class='ocrx_word' id='word_1_16' title='bbox 478 688 629 770; x_wconf 90' lang='lat' dir='ltr'>selliparo</span> <span class='ocrx_word' id='word_1_17' title='bbox 646 708 682 749; x_wconf 91' lang='lat' dir='ltr'>ac</span> <span class='ocrx_word' id='word_1_18' title='bbox 710 707 853 770; x_wconf 89' lang='lat' dir='ltr'>pereum</span> <span class='ocrx_word' id='word_1_19' title='bbox 882 689 947 750; x_wconf 91' lang='lat' dir='ltr'>suis</span> <span class='ocrx_word' id='word_1_20' title='bbox 971 688 1143 750; x_wconf 79' lang='lat' dir='ltr'>heredibus</span> <span class='ocrx_word' id='word_1_21' title='bbox 1173 709 1231 771; x_wconf 92' lang='lat' dir='ltr'>pro</span> <span class='ocrx_word' id='word_1_22' title='bbox 1257 689 1326 751; x_wconf 91' lang='lat' dir='ltr'>flor.</span> <span class='ocrx_word' id='word_1_23' title='bbox 1351 704 1491 772; x_wconf 91' lang='lat' dir='ltr'>quatuor</span> 
     </span>
     <span class='ocr_line' id='line_1_5' title="bbox 224 793 1489 876; baseline 0.002 -23"><span class='ocrx_word' id='word_1_24' title='bbox 224 793 356 855; x_wconf 85' lang='lat' dir='ltr'>liberam</span> <span class='ocrx_word' id='word_1_25' title='bbox 383 798 504 876; x_wconf 86' lang='lat' dir='ltr'>absque</span> <span class='ocrx_word' id='word_1_26' title='bbox 531 795 620 855; x_wconf 90' lang='lat' dir='ltr'>omni</span> <span class='ocrx_word' id='word_1_27' title='bbox 645 813 742 855; x_wconf 89' lang='lat' dir='ltr'>censu</span> <span class='ocrx_word' id='word_1_28' title='bbox 767 808 877 856; x_wconf 91' lang='lat' dir='ltr'>nostro</span> <span class='ocrx_word' id='word_1_29' title='bbox 902 795 1078 872; x_wconf 88' lang='lat' dir='ltr'>communi,</span> <span class='ocrx_word' id='word_1_30' title='bbox 1103 794 1170 873; x_wconf 82' lang='lat' dir='ltr'>jure</span> <span class='ocrx_word' id='word_1_31' title='bbox 1196 809 1352 876; x_wconf 91' lang='lat' dir='ltr'>perpetuo</span> <span class='ocrx_word' id='word_1_32' title='bbox 1378 796 1489 857; x_wconf 91' lang='lat' dir='ltr'>vendi·</span> 
     </span>
     <span class='ocr_line' id='line_1_6' title="bbox 223 899 1158 982; baseline 0.003 -23"><span class='ocrx_word' id='word_1_33' title='bbox 223 899 329 961; x_wconf 89' lang='lat' dir='ltr'>dimus</span> <span class='ocrx_word' id='word_1_34' title='bbox 353 914 384 962; x_wconf 92' lang='lat' dir='ltr'>et</span> <span class='ocrx_word' id='word_1_35' title='bbox 408 901 628 982; x_wconf 85' lang='lat' dir='ltr'>inscripsimus</span> <span class='ocrx_word' id='word_1_36' title='bbox 652 900 881 982; x_wconf 85' lang='lat' dir='ltr'>possidendam</span> <span class='ocrx_word' id='word_1_37' title='bbox 906 913 937 962; x_wconf 91' lang='lat' dir='ltr'>et</span> <span class='ocrx_word' id='word_1_38' title='bbox 965 901 1158 962; x_wconf 84' lang='lat' dir='ltr'>habendam.</span> 
     </span>
    </p>

    <p class='ocr_par' dir='ltr' id='par_1_4' title="bbox 222 1005 1489 2577">
     <span class='ocr_line' id='line_1_7' title="bbox 329 1005 1488 1088; baseline 0.003 -21"><span class='ocrx_word' id='word_1_39' title='bbox 329 1005 427 1080; x_wconf 93' lang='lat' dir='ltr'>Quod</span> <span class='ocrx_word' id='word_1_40' title='bbox 453 1026 511 1067; x_wconf 93' lang='lat' dir='ltr'>nos</span> <span class='ocrx_word' id='word_1_41' title='bbox 535 1006 698 1088; x_wconf 91' lang='lat' dir='ltr'>quandam</span> <span class='ocrx_word' id='word_1_42' title='bbox 723 1007 851 1068; x_wconf 88' lang='lat' dir='ltr'>vineam</span> <span class='ocrx_word' id='word_1_43' title='bbox 876 1021 1017 1068; x_wconf 90' lang='lat' dir='ltr'>nostram</span> <span class='ocrx_word' id='word_1_44' title='bbox 1036 1026 1244 1069; x_wconf 88' lang='lat' dir='ltr'>communem</span> <span class='ocrx_word' id='word_1_45' title='bbox 1270 1008 1301 1069; x_wconf 90' lang='lat' dir='ltr'>in</span> <span class='ocrx_word' id='word_1_46' title='bbox 1326 1008 1488 1070; x_wconf 91' lang='lat' dir='ltr'>territorio</span> 
     </span>
     <span class='ocr_line' id='line_1_8' title="bbox 223 1111 1488 1194; baseline 0.003 -22"><span class='ocrx_word' id='word_1_47' title='bbox 223 1125 332 1173; x_wconf 90' lang='lat' dir='ltr'>nostro</span> <span class='ocrx_word' id='word_1_48' title='bbox 356 1133 412 1174; x_wconf 91' lang='lat' dir='ltr'>seu</span> <span class='ocrx_word' id='word_1_49' title='bbox 446 1113 583 1173; x_wconf 90' lang='lat' dir='ltr'>civitatis</span> <span class='ocrx_word' id='word_1_50' title='bbox 615 1111 746 1194; x_wconf 79' lang='lat' dir='ltr'>prefate,</span> <span class='ocrx_word' id='word_1_51' title='bbox 781 1113 813 1174; x_wconf 90' lang='lat' dir='ltr'>in</span> <span class='ocrx_word' id='word_1_52' title='bbox 845 1112 1041 1174; x_wconf 88' lang='lat' dir='ltr'>Werhowcz</span> <span class='ocrx_word' id='word_1_53' title='bbox 1076 1113 1229 1190; x_wconf 85' lang='lat' dir='ltr'>habitam,</span> <span class='ocrx_word' id='word_1_54' title='bbox 1255 1114 1337 1176; x_wconf 91' lang='lat' dir='ltr'>inter</span> <span class='ocrx_word' id='word_1_55' title='bbox 1360 1115 1488 1176; x_wconf 86' lang='lat' dir='ltr'>vineam</span> 
     </span>
     <span class='ocr_line' id='line_1_9' title="bbox 223 1219 1488 1302; baseline 0.002 -23"><span class='ocrx_word' id='word_1_56' title='bbox 223 1219 349 1300; x_wconf 82' lang='lat' dir='ltr'>providi</span> <span class='ocrx_word' id='word_1_57' title='bbox 383 1219 441 1280; x_wconf 92' lang='lat' dir='ltr'>viri</span> <span class='ocrx_word' id='word_1_58' title='bbox 478 1219 596 1302; x_wconf 87' lang='lat' dir='ltr'>Myhek</span> <span class='ocrx_word' id='word_1_59' title='bbox 629 1219 815 1299; x_wconf 90' lang='lat' dir='ltr'>nuncupati,</span> <span class='ocrx_word' id='word_1_60' title='bbox 847 1220 994 1281; x_wconf 90' lang='lat' dir='ltr'>similiter</span> <span class='ocrx_word' id='word_1_61' title='bbox 1026 1220 1066 1280; x_wconf 89' lang='lat' dir='ltr'>de</span> <span class='ocrx_word' id='word_1_62' title='bbox 1098 1219 1209 1281; x_wconf 91' lang='lat' dir='ltr'>eadem</span> <span class='ocrx_word' id='word_1_63' title='bbox 1243 1220 1488 1299; x_wconf 87' lang='lat' dir='ltr'>Werhowcz,a</span> 
     </span>
     <span class='ocr_line' id='line_1_10' title="bbox 223 1325 1489 1408; baseline 0.002 -23"><span class='ocrx_word' id='word_1_64' title='bbox 223 1338 311 1404; x_wconf 91' lang='lat' dir='ltr'>parte</span> <span class='ocrx_word' id='word_1_65' title='bbox 335 1325 600 1407; x_wconf 86' lang='lat' dir='ltr'>septemtrionali,</span> <span class='ocrx_word' id='word_1_66' title='bbox 626 1346 642 1386; x_wconf 98' lang='lat' dir='ltr'>a</span> <span class='ocrx_word' id='word_1_67' title='bbox 668 1337 756 1407; x_wconf 93' lang='lat' dir='ltr'>parte</span> <span class='ocrx_word' id='word_1_68' title='bbox 781 1345 857 1386; x_wconf 87' lang='lat' dir='ltr'>vero</span> <span class='ocrx_word' id='word_1_69' title='bbox 890 1325 1095 1387; x_wconf 87' lang='lat' dir='ltr'>meridionali</span> <span class='ocrx_word' id='word_1_70' title='bbox 1131 1327 1212 1386; x_wconf 92' lang='lat' dir='ltr'>inter</span> <span class='ocrx_word' id='word_1_71' title='bbox 1236 1326 1364 1388; x_wconf 86' lang='lat' dir='ltr'>vineam</span> <span class='ocrx_word' id='word_1_72' title='bbox 1388 1328 1489 1408; x_wconf 87' lang='lat' dir='ltr'>probe</span> 
     </span>
     <span class='ocr_line' id='line_1_11' title="bbox 223 1430 1489 1512; baseline 0.002 -22"><span class='ocrx_word' id='word_1_73' title='bbox 223 1430 367 1491; x_wconf 89' lang='lat' dir='ltr'>mulieris</span> <span class='ocrx_word' id='word_1_74' title='bbox 393 1431 567 1493; x_wconf 89' lang='lat' dir='ltr'>Katherine</span> <span class='ocrx_word' id='word_1_75' title='bbox 592 1431 701 1492; x_wconf 90' lang='lat' dir='ltr'>relicte</span> <span class='ocrx_word' id='word_1_76' title='bbox 727 1431 864 1492; x_wconf 87' lang='lat' dir='ltr'>condam</span> <span class='ocrx_word' id='word_1_77' title='bbox 892 1432 987 1492; x_wconf 88' lang='lat' dir='ltr'>Blasii</span> <span class='ocrx_word' id='word_1_78' title='bbox 1019 1431 1171 1512; x_wconf 80' lang='lat' dir='ltr'>agricole,</span> <span class='ocrx_word' id='word_1_79' title='bbox 1196 1445 1226 1492; x_wconf 92' lang='lat' dir='ltr'>et</span> <span class='ocrx_word' id='word_1_80' title='bbox 1250 1451 1268 1492; x_wconf 93' lang='lat' dir='ltr'>a</span> <span class='ocrx_word' id='word_1_81' title='bbox 1292 1447 1379 1511; x_wconf 93' lang='lat' dir='ltr'>parte</span> <span class='ocrx_word' id='word_1_82' title='bbox 1404 1433 1489 1494; x_wconf 91' lang='lat' dir='ltr'>occi·</span> 
     </span>
     <span class='ocr_line' id='line_1_12' title="bbox 222 1536 1484 1619; baseline 0.002 -23"><span class='ocrx_word' id='word_1_83' title='bbox 222 1536 341 1597; x_wconf 91' lang='lat' dir='ltr'>dentali</span> <span class='ocrx_word' id='word_1_84' title='bbox 367 1537 417 1598; x_wconf 91' lang='lat' dir='ltr'>via</span> <span class='ocrx_word' id='word_1_85' title='bbox 443 1538 625 1599; x_wconf 91' lang='lat' dir='ltr'>communis</span> <span class='ocrx_word' id='word_1_86' title='bbox 649 1557 704 1599; x_wconf 90' lang='lat' dir='ltr'>seu</span> <span class='ocrx_word' id='word_1_87' title='bbox 723 1537 851 1618; x_wconf 91' lang='lat' dir='ltr'>publica</span> <span class='ocrx_word' id='word_1_88' title='bbox 876 1551 907 1598; x_wconf 91' lang='lat' dir='ltr'>et</span> <span class='ocrx_word' id='word_1_89' title='bbox 925 1536 1005 1597; x_wconf 84' lang='lat' dir='ltr'>inira</span> <span class='ocrx_word' id='word_1_90' title='bbox 1025 1557 1126 1619; x_wconf 90' lang='lat' dir='ltr'>usque</span> <span class='ocrx_word' id='word_1_91' title='bbox 1152 1536 1287 1598; x_wconf 88' lang='lat' dir='ltr'>fluvium</span> <span class='ocrx_word' id='word_1_92' title='bbox 1314 1557 1399 1618; x_wconf 88' lang='lat' dir='ltr'>aque</span> <span class='ocrx_word' id='word_1_93' title='bbox 1417 1538 1484 1619; x_wconf 91' lang='lat' dir='ltr'>plu·</span> 
     </span>
     <span class='ocr_line' id='line_1_13' title="bbox 223 1642 1487 1726; baseline 0.005 -28"><span class='ocrx_word' id='word_1_94' title='bbox 223 1643 315 1704; x_wconf 89' lang='lat' dir='ltr'>vialis</span> <span class='ocrx_word' id='word_1_95' title='bbox 338 1663 447 1704; x_wconf 86' lang='lat' dir='ltr'>versus</span> <span class='ocrx_word' id='word_1_96' title='bbox 471 1658 593 1726; x_wconf 89' lang='lat' dir='ltr'>partem</span> <span class='ocrx_word' id='word_1_97' title='bbox 619 1642 808 1704; x_wconf 88' lang='lat' dir='ltr'>orientalem</span> <span class='ocrx_word' id='word_1_98' title='bbox 834 1663 866 1703; x_wconf 93' lang='lat' dir='ltr'>se</span> <span class='ocrx_word' id='word_1_99' title='bbox 895 1643 1136 1720; x_wconf 83' lang='lat' dir='ltr'>extendentem,</span> <span class='ocrx_word' id='word_1_100' title='bbox 1160 1642 1323 1703; x_wconf 86' lang='lat' dir='ltr'>mediante</span> <span class='ocrx_word' id='word_1_101' title='bbox 1348 1642 1487 1724; x_wconf 91' lang='lat' dir='ltr'>quadam</span> 
     </span>
     <span class='ocr_line' id='line_1_14' title="bbox 223 1748 1486 1831; baseline 0.004 -26"><span class='ocrx_word' id='word_1_102' title='bbox 223 1749 273 1809; x_wconf 91' lang='lat' dir='ltr'>via</span> <span class='ocrx_word' id='word_1_103' title='bbox 297 1749 435 1811; x_wconf 91' lang='lat' dir='ltr'>curruali</span> <span class='ocrx_word' id='word_1_104' title='bbox 460 1750 535 1831; x_wconf 91' lang='lat' dir='ltr'>ipsis</span> <span class='ocrx_word' id='word_1_105' title='bbox 560 1750 681 1811; x_wconf 91' lang='lat' dir='ltr'>scilicet</span> <span class='ocrx_word' id='word_1_106' title='bbox 706 1748 944 1810; x_wconf 88' lang='lat' dir='ltr'>circumvicinis</span> <span class='ocrx_word' id='word_1_107' title='bbox 969 1748 1169 1811; x_wconf 89' lang='lat' dir='ltr'>deserviente</span> <span class='ocrx_word' id='word_1_108' title='bbox 1195 1763 1225 1810; x_wconf 94' lang='lat' dir='ltr'>et</span> <span class='ocrx_word' id='word_1_109' title='bbox 1249 1749 1409 1830; x_wconf 89' lang='lat' dir='ltr'>pertinere</span> <span class='ocrx_word' id='word_1_110' title='bbox 1433 1749 1486 1810; x_wconf 92' lang='lat' dir='ltr'>de·</span> 
     </span>
     <span class='ocr_line' id='line_1_15' title="bbox 224 1855 1487 1932; baseline 0.002 -16"><span class='ocrx_word' id='word_1_111' title='bbox 224 1858 328 1932; x_wconf 92' lang='lat' dir='ltr'>bente,</span> <span class='ocrx_word' id='word_1_112' title='bbox 355 1855 495 1918; x_wconf 89' lang='lat' dir='ltr'>habitam</span> <span class='ocrx_word' id='word_1_113' title='bbox 521 1870 551 1918; x_wconf 93' lang='lat' dir='ltr'>et</span> <span class='ocrx_word' id='word_1_114' title='bbox 575 1856 774 1932; x_wconf 83' lang='lat' dir='ltr'>existentem,</span> <span class='ocrx_word' id='word_1_115' title='bbox 806 1855 902 1916; x_wconf 91' lang='lat' dir='ltr'>simul</span> <span class='ocrx_word' id='word_1_116' title='bbox 935 1875 1008 1916; x_wconf 91' lang='lat' dir='ltr'>cum</span> <span class='ocrx_word' id='word_1_117' title='bbox 1040 1856 1193 1917; x_wconf 86' lang='lat' dir='ltr'>omnibus</span> <span class='ocrx_word' id='word_1_118' title='bbox 1225 1855 1370 1917; x_wconf 91' lang='lat' dir='ltr'>eiusdem</span> <span class='ocrx_word' id='word_1_119' title='bbox 1395 1855 1487 1918; x_wconf 88' lang='lat' dir='ltr'>vinee</span> 
     </span>
     <span class='ocr_line' id='line_1_16' title="bbox 224 1962 1487 2045; baseline 0.002 -23"><span class='ocrx_word' id='word_1_120' title='bbox 224 1962 426 2040; x_wconf 83' lang='lat' dir='ltr'>utilitatibus,</span> <span class='ocrx_word' id='word_1_121' title='bbox 440 1963 559 2039; x_wconf 91' lang='lat' dir='ltr'>usibus,</span> <span class='ocrx_word' id='word_1_122' title='bbox 574 1963 808 2043; x_wconf 86' lang='lat' dir='ltr'>integritatibus</span> <span class='ocrx_word' id='word_1_123' title='bbox 826 1975 856 2023; x_wconf 89' lang='lat' dir='ltr'>et</span> <span class='ocrx_word' id='word_1_124' title='bbox 873 1963 1079 2042; x_wconf 89' lang='lat' dir='ltr'>pertinenciis</span> <span class='ocrx_word' id='word_1_125' title='bbox 1097 1962 1253 2024; x_wconf 84' lang='lat' dir='ltr'>universis</span> <span class='ocrx_word' id='word_1_126' title='bbox 1267 1963 1405 2045; x_wconf 93' lang='lat' dir='ltr'>provido</span> <span class='ocrx_word' id='word_1_127' title='bbox 1418 1964 1487 2025; x_wconf 93' lang='lat' dir='ltr'>viro</span> 
     </span>
     <span class='ocr_line' id='line_1_17' title="bbox 226 2068 1487 2150; baseline 0.002 -22"><span class='ocrx_word' id='word_1_128' title='bbox 226 2069 332 2129; x_wconf 89' lang='lat' dir='ltr'>Blasio</span> <span class='ocrx_word' id='word_1_129' title='bbox 356 2068 495 2149; x_wconf 83' lang='lat' dir='ltr'>agricole</span> <span class='ocrx_word' id='word_1_130' title='bbox 522 2069 678 2150; x_wconf 88' lang='lat' dir='ltr'>Kwtbycb</span> <span class='ocrx_word' id='word_1_131' title='bbox 698 2083 895 2150; x_wconf 92' lang='lat' dir='ltr'>nuncupato,</span> <span class='ocrx_word' id='word_1_132' title='bbox 914 2083 947 2129; x_wconf 96' lang='lat' dir='ltr'>ut</span> <span class='ocrx_word' id='word_1_133' title='bbox 973 2069 1036 2129; x_wconf 88' lang='lat' dir='ltr'>iarn</span> <span class='ocrx_word' id='word_1_134' title='bbox 1056 2088 1142 2129; x_wconf 90' lang='lat' dir='ltr'>novo</span> <span class='ocrx_word' id='word_1_135' title='bbox 1168 2068 1373 2130; x_wconf 91' lang='lat' dir='ltr'>inhabitatori</span> <span class='ocrx_word' id='word_1_136' title='bbox 1397 2071 1487 2131; x_wconf 89' lang='lat' dir='ltr'>terri·</span> 
     </span>
     <span class='ocr_line' id='line_1_18' title="bbox 222 2175 1486 2257; baseline 0.001 -21"><span class='ocrx_word' id='word_1_137' title='bbox 222 2176 294 2236; x_wconf 92' lang='lat' dir='ltr'>torii</span> <span class='ocrx_word' id='word_1_138' title='bbox 321 2176 456 2237; x_wconf 89' lang='lat' dir='ltr'>civitatis</span> <span class='ocrx_word' id='word_1_139' title='bbox 481 2190 598 2252; x_wconf 87' lang='lat' dir='ltr'>nostre,</span> <span class='ocrx_word' id='word_1_140' title='bbox 624 2175 663 2236; x_wconf 90' lang='lat' dir='ltr'>de</span> <span class='ocrx_word' id='word_1_141' title='bbox 689 2175 809 2257; x_wconf 82' lang='lat' dir='ltr'>prefata</span> <span class='ocrx_word' id='word_1_142' title='bbox 836 2175 1042 2254; x_wconf 82' lang='lat' dir='ltr'>Werhowcz,</span> <span class='ocrx_word' id='word_1_143' title='bbox 1067 2195 1103 2236; x_wconf 93' lang='lat' dir='ltr'>ac</span> <span class='ocrx_word' id='word_1_144' title='bbox 1128 2195 1184 2257; x_wconf 92' lang='lat' dir='ltr'>per</span> <span class='ocrx_word' id='word_1_145' title='bbox 1209 2195 1282 2237; x_wconf 89' lang='lat' dir='ltr'>eum</span> <span class='ocrx_word' id='word_1_146' title='bbox 1308 2177 1373 2237; x_wconf 88' lang='lat' dir='ltr'>suis</span> <span class='ocrx_word' id='word_1_147' title='bbox 1397 2176 1486 2237; x_wconf 91' lang='lat' dir='ltr'>here·</span> 
     </span>
     <span class='ocr_line' id='line_1_19' title="bbox 224 2282 1483 2365; baseline 0.002 -25"><span class='ocrx_word' id='word_1_148' title='bbox 224 2283 318 2343; x_wconf 91' lang='lat' dir='ltr'>dibus</span> <span class='ocrx_word' id='word_1_149' title='bbox 343 2302 400 2365; x_wconf 91' lang='lat' dir='ltr'>pro</span> <span class='ocrx_word' id='word_1_150' title='bbox 426 2282 494 2345; x_wconf 86' lang='lat' dir='ltr'>flor.</span> <span class='ocrx_word' id='word_1_151' title='bbox 520 2297 659 2363; x_wconf 93' lang='lat' dir='ltr'>quatuor</span> <span class='ocrx_word' id='word_1_152' title='bbox 682 2296 713 2343; x_wconf 91' lang='lat' dir='ltr'>et</span> <span class='ocrx_word' id='word_1_153' title='bbox 735 2282 848 2343; x_wconf 90' lang='lat' dir='ltr'>solidis</span> <span class='ocrx_word' id='word_1_154' title='bbox 876 2283 988 2362; x_wconf 89' lang='lat' dir='ltr'>viginti</span> <span class='ocrx_word' id='word_1_155' title='bbox 1024 2283 1169 2364; x_wconf 91' lang='lat' dir='ltr'>quinque</span> <span class='ocrx_word' id='word_1_156' title='bbox 1203 2282 1336 2344; x_wconf 89' lang='lat' dir='ltr'>liberam</span> <span class='ocrx_word' id='word_1_157' title='bbox 1363 2285 1483 2365; x_wconf 87' lang='lat' dir='ltr'>absque</span> 
     </span>
     <span class='ocr_line' id='line_1_20' title="bbox 224 2387 1488 2470; baseline 0.003 -23"><span class='ocrx_word' id='word_1_158' title='bbox 224 2390 313 2449; x_wconf 91' lang='lat' dir='ltr'>omni</span> <span class='ocrx_word' id='word_1_159' title='bbox 338 2409 433 2451; x_wconf 93' lang='lat' dir='ltr'>censu</span> <span class='ocrx_word' id='word_1_160' title='bbox 460 2404 569 2450; x_wconf 91' lang='lat' dir='ltr'>nostro</span> <span class='ocrx_word' id='word_1_161' title='bbox 594 2389 771 2464; x_wconf 88' lang='lat' dir='ltr'>communi,</span> <span class='ocrx_word' id='word_1_162' title='bbox 796 2387 862 2466; x_wconf 92' lang='lat' dir='ltr'>jure</span> <span class='ocrx_word' id='word_1_163' title='bbox 892 2404 1048 2470; x_wconf 91' lang='lat' dir='ltr'>perpetuo</span> <span class='ocrx_word' id='word_1_164' title='bbox 1083 2387 1202 2449; x_wconf 90' lang='lat' dir='ltr'>eisdem</span> <span class='ocrx_word' id='word_1_165' title='bbox 1228 2388 1433 2449; x_wconf 87' lang='lat' dir='ltr'>vendidimus</span> <span class='ocrx_word' id='word_1_166' title='bbox 1457 2404 1488 2451; x_wconf 91' lang='lat' dir='ltr'>et</span> 
     </span>
     <span class='ocr_line' id='line_1_21' title="bbox 224 2494 1116 2577; baseline 0.002 -23"><span class='ocrx_word' id='word_1_167' title='bbox 224 2495 444 2576; x_wconf 87' lang='lat' dir='ltr'>inscripsimus</span> <span class='ocrx_word' id='word_1_168' title='bbox 469 2494 698 2577; x_wconf 89' lang='lat' dir='ltr'>possidendam</span> <span class='ocrx_word' id='word_1_169' title='bbox 723 2495 842 2576; x_wconf 90' lang='lat' dir='ltr'>pariter</span> <span class='ocrx_word' id='word_1_170' title='bbox 866 2507 897 2555; x_wconf 90' lang='lat' dir='ltr'>et</span> <span class='ocrx_word' id='word_1_171' title='bbox 920 2494 1116 2556; x_wconf 88' lang='lat' dir='ltr'>habendam.</span> 
     </span>
    </p>

    <p class='ocr_par' dir='ltr' id='par_1_5' title="bbox 196 2601 1487 4806">
     <span class='ocr_line' id='line_1_22' title="bbox 330 2601 1485 2681; baseline 0 -20"><span class='ocrx_word' id='word_1_172' title='bbox 330 2601 426 2674; x_wconf 93' lang='lat' dir='ltr'>Quod</span> <span class='ocrx_word' id='word_1_173' title='bbox 453 2621 511 2662; x_wconf 92' lang='lat' dir='ltr'>nos</span> <span class='ocrx_word' id='word_1_174' title='bbox 543 2601 705 2681; x_wconf 89' lang='lat' dir='ltr'>quandam</span> <span class='ocrx_word' id='word_1_175' title='bbox 739 2601 851 2660; x_wconf 90' lang='lat' dir='ltr'>silvam</span> <span class='ocrx_word' id='word_1_176' title='bbox 886 2616 1027 2662; x_wconf 89' lang='lat' dir='ltr'>nostram</span> <span class='ocrx_word' id='word_1_177' title='bbox 1060 2619 1265 2661; x_wconf 89' lang='lat' dir='ltr'>communem</span> <span class='ocrx_word' id='word_1_178' title='bbox 1293 2601 1388 2661; x_wconf 88' lang='lat' dir='ltr'>simul</span> <span class='ocrx_word' id='word_1_179' title='bbox 1413 2619 1485 2661; x_wconf 90' lang='lat' dir='ltr'>curn</span> 
     </span>
     <span class='ocr_line' id='line_1_23' title="bbox 225 2704 1486 2788; baseline 0.001 -22"><span class='ocrx_word' id='word_1_180' title='bbox 225 2704 312 2767; x_wconf 86' lang='lat' dir='ltr'>fenili</span> <span class='ocrx_word' id='word_1_181' title='bbox 338 2707 443 2769; x_wconf 89' lang='lat' dir='ltr'>eidem</span> <span class='ocrx_word' id='word_1_182' title='bbox 475 2707 653 2768; x_wconf 88' lang='lat' dir='ltr'>subiacenti</span> <span class='ocrx_word' id='word_1_183' title='bbox 687 2705 967 2788; x_wconf 86' lang='lat' dir='ltr'>Goranschyczam</span> <span class='ocrx_word' id='word_1_184' title='bbox 1000 2720 1230 2787; x_wconf 88' lang='lat' dir='ltr'>nuncupatam,</span> <span class='ocrx_word' id='word_1_185' title='bbox 1262 2707 1292 2767; x_wconf 90' lang='lat' dir='ltr'>in</span> <span class='ocrx_word' id='word_1_186' title='bbox 1326 2706 1486 2768; x_wconf 90' lang='lat' dir='ltr'>territorio</span> 
     </span>
     <span class='ocr_line' id='line_1_24' title="bbox 196 2812 1486 2893; baseline 0.002 -21"><span class='ocrx_word' id='word_1_187' title='bbox 196 2826 333 2872; x_wconf 83' lang='lat' dir='ltr'>nostro</span> <span class='ocrx_word' id='word_1_188' title='bbox 357 2832 413 2872; x_wconf 88' lang='lat' dir='ltr'>seu</span> <span class='ocrx_word' id='word_1_189' title='bbox 437 2813 573 2874; x_wconf 91' lang='lat' dir='ltr'>civitatis</span> <span class='ocrx_word' id='word_1_190' title='bbox 597 2812 730 2893; x_wconf 84' lang='lat' dir='ltr'>prefate,</span> <span class='ocrx_word' id='word_1_191' title='bbox 762 2813 844 2873; x_wconf 87' lang='lat' dir='ltr'>inter</span> <span class='ocrx_word' id='word_1_192' title='bbox 867 2812 947 2874; x_wconf 88' lang='lat' dir='ltr'>alias</span> <span class='ocrx_word' id='word_1_193' title='bbox 980 2813 1077 2874; x_wconf 90' lang='lat' dir='ltr'>silvas</span> <span class='ocrx_word' id='word_1_194' title='bbox 1110 2827 1233 2874; x_wconf 88' lang='lat' dir='ltr'>nostras</span> <span class='ocrx_word' id='word_1_195' title='bbox 1257 2832 1486 2875; x_wconf 89' lang='lat' dir='ltr'>communesa</span> 
     </span>
     <span class='ocr_line' id='line_1_25' title="bbox 224 2918 1486 2999; baseline 0.003 -21"><span class='ocrx_word' id='word_1_196' title='bbox 224 2932 312 2999; x_wconf 92' lang='lat' dir='ltr'>parte</span> <span class='ocrx_word' id='word_1_197' title='bbox 344 2918 596 2998; x_wconf 88' lang='lat' dir='ltr'>septemtrionali</span> <span class='ocrx_word' id='word_1_198' title='bbox 628 2919 720 2980; x_wconf 88' lang='lat' dir='ltr'>certis</span> <span class='ocrx_word' id='word_1_199' title='bbox 744 2919 912 2980; x_wconf 87' lang='lat' dir='ltr'>arboribus</span> <span class='ocrx_word' id='word_1_200' title='bbox 945 2920 1089 2981; x_wconf 89' lang='lat' dir='ltr'>metatim</span> <span class='ocrx_word' id='word_1_201' title='bbox 1123 2920 1305 2981; x_wconf 87' lang='lat' dir='ltr'>distinctam</span> <span class='ocrx_word' id='word_1_202' title='bbox 1338 2920 1486 2982; x_wconf 91' lang='lat' dir='ltr'>videlicet</span> 
     </span>
     <span class='ocr_line' id='line_1_26' title="bbox 224 3025 1487 3108; baseline 0.002 -24"><span class='ocrx_word' id='word_1_203' title='bbox 224 3039 446 3085; x_wconf 87' lang='lat' dir='ltr'>castanearum</span> <span class='ocrx_word' id='word_1_204' title='bbox 483 3039 513 3086; x_wconf 90' lang='lat' dir='ltr'>et</span> <span class='ocrx_word' id='word_1_205' title='bbox 549 3026 643 3086; x_wconf 88' lang='lat' dir='ltr'>unius</span> <span class='ocrx_word' id='word_1_206' title='bbox 679 3025 808 3107; x_wconf 93' lang='lat' dir='ltr'>popoli,</span> <span class='ocrx_word' id='word_1_207' title='bbox 840 3026 986 3086; x_wconf 86' lang='lat' dir='ltr'>crucibus</span> <span class='ocrx_word' id='word_1_208' title='bbox 1025 3026 1177 3106; x_wconf 88' lang='lat' dir='ltr'>signatis,</span> <span class='ocrx_word' id='word_1_209' title='bbox 1210 3026 1314 3108; x_wconf 92' lang='lat' dir='ltr'>primo</span> <span class='ocrx_word' id='word_1_210' title='bbox 1350 3027 1487 3108; x_wconf 90' lang='lat' dir='ltr'>desuper</span> 
     </span>
     <span class='ocr_line' id='line_1_27' title="bbox 224 3130 1484 3213; baseline 0.002 -23"><span class='ocrx_word' id='word_1_211' title='bbox 224 3150 240 3190; x_wconf 94' lang='lat' dir='ltr'>a</span> <span class='ocrx_word' id='word_1_212' title='bbox 266 3131 405 3211; x_wconf 90' lang='lat' dir='ltr'>quadam</span> <span class='ocrx_word' id='word_1_213' title='bbox 431 3130 492 3191; x_wconf 87' lang='lat' dir='ltr'>alia</span> <span class='ocrx_word' id='word_1_214' title='bbox 518 3151 613 3212; x_wconf 92' lang='lat' dir='ltr'>parva</span> <span class='ocrx_word' id='word_1_215' title='bbox 638 3131 716 3191; x_wconf 91' lang='lat' dir='ltr'>silva</span> <span class='ocrx_word' id='word_1_216' title='bbox 742 3131 847 3193; x_wconf 89' lang='lat' dir='ltr'>eidem</span> <span class='ocrx_word' id='word_1_217' title='bbox 873 3132 1043 3209; x_wconf 91' lang='lat' dir='ltr'>adiacenti,</span> <span class='ocrx_word' id='word_1_218' title='bbox 1068 3132 1195 3213; x_wconf 89' lang='lat' dir='ltr'>providi</span> <span class='ocrx_word' id='word_1_219' title='bbox 1220 3146 1251 3195; x_wconf 91' lang='lat' dir='ltr'>et</span> <span class='ocrx_word' id='word_1_220' title='bbox 1275 3132 1399 3193; x_wconf 89' lang='lat' dir='ltr'>honesti</span> <span class='ocrx_word' id='word_1_221' title='bbox 1425 3133 1484 3193; x_wconf 91' lang='lat' dir='ltr'>viri</span> 
     </span>
     <span class='ocr_line' id='line_1_28' title="bbox 225 3235 1485 3319; baseline 0.001 -21"><span class='ocrx_word' id='word_1_222' title='bbox 225 3235 356 3317; x_wconf 92' lang='lat' dir='ltr'>Georgii</span> <span class='ocrx_word' id='word_1_223' title='bbox 383 3235 539 3298; x_wconf 86' lang='lat' dir='ltr'>carnificis</span> <span class='ocrx_word' id='word_1_224' title='bbox 563 3238 699 3298; x_wconf 92' lang='lat' dir='ltr'>senioris</span> <span class='ocrx_word' id='word_1_225' title='bbox 723 3237 816 3316; x_wconf 90' lang='lat' dir='ltr'>jurati</span> <span class='ocrx_word' id='word_1_226' title='bbox 842 3253 873 3299; x_wconf 91' lang='lat' dir='ltr'>et</span> <span class='ocrx_word' id='word_1_227' title='bbox 904 3238 1045 3299; x_wconf 89' lang='lat' dir='ltr'>concivis</span> <span class='ocrx_word' id='word_1_228' title='bbox 1070 3240 1181 3316; x_wconf 91' lang='lat' dir='ltr'>nostri,</span> <span class='ocrx_word' id='word_1_229' title='bbox 1206 3239 1412 3319; x_wconf 89' lang='lat' dir='ltr'>procedendo</span> <span class='ocrx_word' id='word_1_230' title='bbox 1438 3239 1485 3299; x_wconf 95' lang='lat' dir='ltr'>di-</span> 
     </span>
     <span class='ocr_line' id='line_1_29' title="bbox 224 3341 1482 3426; baseline 0.001 -23"><span class='ocrx_word' id='word_1_231' title='bbox 224 3359 308 3403; x_wconf 89' lang='lat' dir='ltr'>recte</span> <span class='ocrx_word' id='word_1_232' title='bbox 334 3341 413 3404; x_wconf 85' lang='lat' dir='ltr'>infra</span> <span class='ocrx_word' id='word_1_233' title='bbox 439 3362 494 3423; x_wconf 90' lang='lat' dir='ltr'>pcr</span> <span class='ocrx_word' id='word_1_234' title='bbox 519 3344 677 3423; x_wconf 90' lang='lat' dir='ltr'>predictas</span> <span class='ocrx_word' id='word_1_235' title='bbox 702 3345 831 3404; x_wconf 90' lang='lat' dir='ltr'>arbores</span> <span class='ocrx_word' id='word_1_236' title='bbox 849 3358 1067 3405; x_wconf 91' lang='lat' dir='ltr'>castanearum</span> <span class='ocrx_word' id='word_1_237' title='bbox 1089 3359 1120 3405; x_wconf 91' lang='lat' dir='ltr'>et</span> <span class='ocrx_word' id='word_1_238' title='bbox 1144 3343 1255 3426; x_wconf 92' lang='lat' dir='ltr'>popoli</span> <span class='ocrx_word' id='word_1_239' title='bbox 1281 3344 1426 3426; x_wconf 87' lang='lat' dir='ltr'>pervenit</span> <span class='ocrx_word' id='word_1_240' title='bbox 1451 3344 1482 3404; x_wconf 94' lang='lat' dir='ltr'>in</span> 
     </span>
     <span class='ocr_line' id='line_1_30' title="bbox 224 3448 1485 3531; baseline 0.002 -22"><span class='ocrx_word' id='word_1_241' title='bbox 224 3449 389 3529; x_wconf 87' lang='lat' dir='ltr'>quoddam</span> <span class='ocrx_word' id='word_1_242' title='bbox 412 3469 563 3530; x_wconf 88' lang='lat' dir='ltr'>magnum</span> <span class='ocrx_word' id='word_1_243' title='bbox 588 3449 728 3531; x_wconf 88' lang='lat' dir='ltr'>lapidem</span> <span class='ocrx_word' id='word_1_244' title='bbox 748 3469 806 3531; x_wconf 94' lang='lat' dir='ltr'>pro</span> <span class='ocrx_word' id='word_1_245' title='bbox 829 3463 912 3510; x_wconf 91' lang='lat' dir='ltr'>meta</span> <span class='ocrx_word' id='word_1_246' title='bbox 932 3451 1071 3510; x_wconf 90' lang='lat' dir='ltr'>locatum</span> <span class='ocrx_word' id='word_1_247' title='bbox 1097 3450 1128 3510; x_wconf 93' lang='lat' dir='ltr'>in</span> <span class='ocrx_word' id='word_1_248' title='bbox 1146 3448 1208 3510; x_wconf 87' lang='lat' dir='ltr'>fine</span> <span class='ocrx_word' id='word_1_249' title='bbox 1234 3449 1377 3511; x_wconf 89' lang='lat' dir='ltr'>eiusdem</span> <span class='ocrx_word' id='word_1_250' title='bbox 1395 3449 1485 3527; x_wconf 89' lang='lat' dir='ltr'>silve,</span> 
     </span>
     <span class='ocr_line' id='line_1_31' title="bbox 224 3555 1486 3638; baseline 0.002 -24"><span class='ocrx_word' id='word_1_251' title='bbox 224 3555 341 3616; x_wconf 89' lang='lat' dir='ltr'>deinde</span> <span class='ocrx_word' id='word_1_252' title='bbox 367 3556 511 3635; x_wconf 91' lang='lat' dir='ltr'>pervenit</span> <span class='ocrx_word' id='word_1_253' title='bbox 536 3556 654 3617; x_wconf 88' lang='lat' dir='ltr'>directe</span> <span class='ocrx_word' id='word_1_254' title='bbox 688 3557 718 3616; x_wconf 94' lang='lat' dir='ltr'>in</span> <span class='ocrx_word' id='word_1_255' title='bbox 755 3555 887 3617; x_wconf 89' lang='lat' dir='ltr'>fluvium</span> <span class='ocrx_word' id='word_1_256' title='bbox 923 3557 1173 3638; x_wconf 87' lang='lat' dir='ltr'>Medwednycza</span> <span class='ocrx_word' id='word_1_257' title='bbox 1207 3570 1353 3617; x_wconf 91' lang='lat' dir='ltr'>vocaturn</span> <span class='ocrx_word' id='word_1_258' title='bbox 1379 3574 1486 3616; x_wconf 90' lang='lat' dir='ltr'>versus</span> 
     </span>
     <span class='ocr_line' id='line_1_32' title="bbox 225 3660 1485 3744; baseline 0.001 -22"><span class='ocrx_word' id='word_1_259' title='bbox 225 3675 345 3741; x_wconf 87' lang='lat' dir='ltr'>partem</span> <span class='ocrx_word' id='word_1_260' title='bbox 371 3661 572 3739; x_wconf 87' lang='lat' dir='ltr'>orientalem,</span> <span class='ocrx_word' id='word_1_261' title='bbox 598 3662 714 3723; x_wconf 88' lang='lat' dir='ltr'>deinde</span> <span class='ocrx_word' id='word_1_262' title='bbox 740 3662 842 3722; x_wconf 89' lang='lat' dir='ltr'>eciam</span> <span class='ocrx_word' id='word_1_263' title='bbox 867 3662 1012 3742; x_wconf 91' lang='lat' dir='ltr'>procedit</span> <span class='ocrx_word' id='word_1_264' title='bbox 1040 3663 1158 3723; x_wconf 90' lang='lat' dir='ltr'>directe</span> <span class='ocrx_word' id='word_1_265' title='bbox 1183 3682 1239 3744; x_wconf 90' lang='lat' dir='ltr'>per</span> <span class='ocrx_word' id='word_1_266' title='bbox 1263 3661 1401 3723; x_wconf 88' lang='lat' dir='ltr'>eundem</span> <span class='ocrx_word' id='word_1_267' title='bbox 1427 3660 1485 3723; x_wconf 88' lang='lat' dir='ltr'>flu·</span> 
     </span>
     <span class='ocr_line' id='line_1_33' title="bbox 225 3766 1483 3850; baseline 0.002 -25"><span class='ocrx_word' id='word_1_268' title='bbox 225 3769 312 3828; x_wconf 88' lang='lat' dir='ltr'>vium</span> <span class='ocrx_word' id='word_1_269' title='bbox 338 3788 447 3829; x_wconf 91' lang='lat' dir='ltr'>versus</span> <span class='ocrx_word' id='word_1_270' title='bbox 472 3783 594 3848; x_wconf 88' lang='lat' dir='ltr'>partem</span> <span class='ocrx_word' id='word_1_271' title='bbox 621 3769 867 3829; x_wconf 88' lang='lat' dir='ltr'>meridionalem</span> <span class='ocrx_word' id='word_1_272' title='bbox 884 3769 1030 3850; x_wconf 89' lang='lat' dir='ltr'>pervenit</span> <span class='ocrx_word' id='word_1_273' title='bbox 1047 3768 1085 3829; x_wconf 92' lang='lat' dir='ltr'>ad</span> <span class='ocrx_word' id='word_1_274' title='bbox 1111 3769 1207 3829; x_wconf 91' lang='lat' dir='ltr'>aliam</span> <span class='ocrx_word' id='word_1_275' title='bbox 1232 3768 1344 3829; x_wconf 87' lang='lat' dir='ltr'>silvam</span> <span class='ocrx_word' id='word_1_276' title='bbox 1371 3766 1483 3848; x_wconf 86' lang='lat' dir='ltr'>prefati</span> 
     </span>
     <span class='ocr_line' id='line_1_34' title="bbox 226 3872 1485 3957; baseline -0.001 -22"><span class='ocrx_word' id='word_1_277' title='bbox 226 3872 357 3953; x_wconf 90' lang='lat' dir='ltr'>Georgii</span> <span class='ocrx_word' id='word_1_278' title='bbox 384 3873 550 3952; x_wconf 84' lang='lat' dir='ltr'>carnificis,</span> <span class='ocrx_word' id='word_1_279' title='bbox 575 3877 615 3935; x_wconf 93' lang='lat' dir='ltr'>ab</span> <span class='ocrx_word' id='word_1_280' title='bbox 641 3876 708 3956; x_wconf 90' lang='lat' dir='ltr'>ipsa</span> <span class='ocrx_word' id='word_1_281' title='bbox 727 3890 815 3957; x_wconf 89' lang='lat' dir='ltr'>parte</span> <span class='ocrx_word' id='word_1_282' title='bbox 833 3875 1049 3953; x_wconf 90' lang='lat' dir='ltr'>meridionali,</span> <span class='ocrx_word' id='word_1_283' title='bbox 1068 3875 1181 3935; x_wconf 81' lang='lat' dir='ltr'>exinde</span> <span class='ocrx_word' id='word_1_284' title='bbox 1200 3875 1344 3955; x_wconf 91' lang='lat' dir='ltr'>procedit</span> <span class='ocrx_word' id='word_1_285' title='bbox 1360 3892 1485 3934; x_wconf 91' lang='lat' dir='ltr'>sursum</span> 
     </span>
     <span class='ocr_line' id='line_1_35' title="bbox 225 3980 1486 4063; baseline 0.003 -26"><span class='ocrx_word' id='word_1_286' title='bbox 225 3999 334 4041; x_wconf 89' lang='lat' dir='ltr'>versus</span> <span class='ocrx_word' id='word_1_287' title='bbox 367 3995 488 4061; x_wconf 89' lang='lat' dir='ltr'>partem</span> <span class='ocrx_word' id='word_1_288' title='bbox 521 3981 754 4042; x_wconf 90' lang='lat' dir='ltr'>occidentalem</span> <span class='ocrx_word' id='word_1_289' title='bbox 788 4001 844 4063; x_wconf 90' lang='lat' dir='ltr'>per</span> <span class='ocrx_word' id='word_1_290' title='bbox 877 3996 993 4042; x_wconf 89' lang='lat' dir='ltr'>metam</span> <span class='ocrx_word' id='word_1_291' title='bbox 1027 3981 1192 4041; x_wconf 89' lang='lat' dir='ltr'>cuiusdam</span> <span class='ocrx_word' id='word_1_292' title='bbox 1228 3981 1320 4040; x_wconf 88' lang='lat' dir='ltr'>vinee</span> <span class='ocrx_word' id='word_1_293' title='bbox 1352 3980 1486 4060; x_wconf 90' lang='lat' dir='ltr'>predicti</span> 
     </span>
     <span class='ocr_line' id='line_1_36' title="bbox 226 4084 1485 4168; baseline -0.001 -20"><span class='ocrx_word' id='word_1_294' title='bbox 226 4084 357 4166; x_wconf 91' lang='lat' dir='ltr'>Georgii</span> <span class='ocrx_word' id='word_1_295' title='bbox 384 4085 550 4163; x_wconf 87' lang='lat' dir='ltr'>carnificis,</span> <span class='ocrx_word' id='word_1_296' title='bbox 575 4087 692 4147; x_wconf 92' lang='lat' dir='ltr'>abhinc</span> <span class='ocrx_word' id='word_1_297' title='bbox 716 4088 862 4168; x_wconf 86' lang='lat' dir='ltr'>pervenit</span> <span class='ocrx_word' id='word_1_298' title='bbox 886 4088 916 4147; x_wconf 95' lang='lat' dir='ltr'>in</span> <span class='ocrx_word' id='word_1_299' title='bbox 951 4086 1104 4147; x_wconf 78' lang='lat' dir='ltr'>fossatum</span> <span class='ocrx_word' id='word_1_300' title='bbox 1130 4086 1297 4147; x_wconf 89' lang='lat' dir='ltr'>cuiusdam</span> <span class='ocrx_word' id='word_1_301' title='bbox 1322 4086 1384 4146; x_wconf 89' lang='lat' dir='ltr'>alie</span> <span class='ocrx_word' id='word_1_302' title='bbox 1407 4087 1485 4147; x_wconf 87' lang='lat' dir='ltr'>silve</span> 
     </span>
     <span class='ocr_line' id='line_1_37' title="bbox 226 4192 1486 4278; baseline 0 -26"><span class='ocrx_word' id='word_1_303' title='bbox 226 4193 350 4274; x_wconf 92' lang='lat' dir='ltr'>providi</span> <span class='ocrx_word' id='word_1_304' title='bbox 386 4193 444 4253; x_wconf 90' lang='lat' dir='ltr'>viri</span> <span class='ocrx_word' id='word_1_305' title='bbox 478 4193 638 4253; x_wconf 90' lang='lat' dir='ltr'>Valentini</span> <span class='ocrx_word' id='word_1_306' title='bbox 672 4194 846 4278; x_wconf 86' lang='lat' dir='ltr'>Wodopye</span> <span class='ocrx_word' id='word_1_307' title='bbox 880 4195 984 4254; x_wconf 89' lang='lat' dir='ltr'>incole</span> <span class='ocrx_word' id='word_1_308' title='bbox 1017 4208 1048 4255; x_wconf 93' lang='lat' dir='ltr'>et</span> <span class='ocrx_word' id='word_1_309' title='bbox 1081 4192 1302 4253; x_wconf 89' lang='lat' dir='ltr'>inhabitatoris</span> <span class='ocrx_word' id='word_1_310' title='bbox 1336 4192 1486 4253; x_wconf 91' lang='lat' dir='ltr'>territorii</span> 
     </span>
     <span class='ocr_line' id='line_1_38' title="bbox 226 4298 1486 4381; baseline -0.005 -18"><span class='ocrx_word' id='word_1_311' title='bbox 226 4300 363 4363; x_wconf 79' lang='lat' dir='ltr'>civitatis</span> <span class='ocrx_word' id='word_1_312' title='bbox 395 4314 513 4376; x_wconf 91' lang='lat' dir='ltr'>nostre,</span> <span class='ocrx_word' id='word_1_313' title='bbox 550 4300 667 4360; x_wconf 92' lang='lat' dir='ltr'>deinde</span> <span class='ocrx_word' id='word_1_314' title='bbox 701 4300 846 4381; x_wconf 87' lang='lat' dir='ltr'>pervenit</span> <span class='ocrx_word' id='word_1_315' title='bbox 875 4300 905 4359; x_wconf 90' lang='lat' dir='ltr'>in</span> <span class='ocrx_word' id='word_1_316' title='bbox 939 4314 1056 4360; x_wconf 88' lang='lat' dir='ltr'>metam</span> <span class='ocrx_word' id='word_1_317' title='bbox 1091 4299 1263 4380; x_wconf 89' lang='lat' dir='ltr'>prescripte</span> <span class='ocrx_word' id='word_1_318' title='bbox 1289 4317 1384 4378; x_wconf 91' lang='lat' dir='ltr'>parve</span> <span class='ocrx_word' id='word_1_319' title='bbox 1408 4298 1486 4357; x_wconf 90' lang='lat' dir='ltr'>silve</span> 
     </span>
     <span class='ocr_line' id='line_1_39' title="bbox 226 4403 1486 4487; baseline -0.001 -23"><span class='ocrx_word' id='word_1_320' title='bbox 226 4405 288 4465; x_wconf 91' lang='lat' dir='ltr'>iam</span> <span class='ocrx_word' id='word_1_321' title='bbox 313 4403 367 4466; x_wconf 82' lang='lat' dir='ltr'>lati</span> <span class='ocrx_word' id='word_1_322' title='bbox 395 4405 526 4487; x_wconf 90' lang='lat' dir='ltr'>Georgii</span> <span class='ocrx_word' id='word_1_323' title='bbox 553 4405 720 4482; x_wconf 80' lang='lat' dir='ltr'>carnificis,</span> <span class='ocrx_word' id='word_1_324' title='bbox 745 4421 779 4467; x_wconf 93' lang='lat' dir='ltr'>ut</span> <span class='ocrx_word' id='word_1_325' title='bbox 811 4405 980 4487; x_wconf 84' lang='lat' dir='ltr'>prefertur,</span> <span class='ocrx_word' id='word_1_326' title='bbox 1002 4406 1044 4465; x_wconf 91' lang='lat' dir='ltr'>ibi</span> <span class='ocrx_word' id='word_1_327' title='bbox 1079 4420 1161 4466; x_wconf 90' lang='lat' dir='ltr'>mete</span> <span class='ocrx_word' id='word_1_328' title='bbox 1186 4405 1408 4480; x_wconf 90' lang='lat' dir='ltr'>terminantur,</span> <span class='ocrx_word' id='word_1_329' title='bbox 1433 4403 1486 4464; x_wconf 94' lang='lat' dir='ltr'>ha·</span> 
     </span>
     <span class='ocr_line' id='line_1_40' title="bbox 226 4509 1486 4591; baseline -0.001 -20"><span class='ocrx_word' id='word_1_330' title='bbox 226 4511 324 4572; x_wconf 89' lang='lat' dir='ltr'>bitatn</span> <span class='ocrx_word' id='word_1_331' title='bbox 347 4526 377 4572; x_wconf 93' lang='lat' dir='ltr'>et</span> <span class='ocrx_word' id='word_1_332' title='bbox 401 4513 602 4591; x_wconf 86' lang='lat' dir='ltr'>existentem,</span> <span class='ocrx_word' id='word_1_333' title='bbox 626 4513 722 4574; x_wconf 88' lang='lat' dir='ltr'>simul</span> <span class='ocrx_word' id='word_1_334' title='bbox 747 4532 819 4574; x_wconf 91' lang='lat' dir='ltr'>cum</span> <span class='ocrx_word' id='word_1_335' title='bbox 847 4513 998 4573; x_wconf 87' lang='lat' dir='ltr'>omnibus</span> <span class='ocrx_word' id='word_1_336' title='bbox 1023 4512 1167 4572; x_wconf 89' lang='lat' dir='ltr'>eiusdem</span> <span class='ocrx_word' id='word_1_337' title='bbox 1192 4511 1271 4572; x_wconf 92' lang='lat' dir='ltr'>silve</span> <span class='ocrx_word' id='word_1_338' title='bbox 1297 4529 1423 4571; x_wconf 92' lang='lat' dir='ltr'>necnon</span> <span class='ocrx_word' id='word_1_339' title='bbox 1442 4509 1486 4570; x_wconf 89' lang='lat' dir='ltr'>le·</span> 
     </span>
     <span class='ocr_line' id='line_1_41' title="bbox 226 4616 1486 4697; baseline -0.002 -19"><span class='ocrx_word' id='word_1_340' title='bbox 226 4617 300 4678; x_wconf 88' lang='lat' dir='ltr'>nilis</span> <span class='ocrx_word' id='word_1_341' title='bbox 323 4618 428 4679; x_wconf 91' lang='lat' dir='ltr'>eidem</span> <span class='ocrx_word' id='word_1_342' title='bbox 452 4620 646 4680; x_wconf 88' lang='lat' dir='ltr'>subiacentis</span> <span class='ocrx_word' id='word_1_343' title='bbox 675 4619 877 4697; x_wconf 92' lang='lat' dir='ltr'>utilitatibus,</span> <span class='ocrx_word' id='word_1_344' title='bbox 911 4619 1019 4679; x_wconf 92' lang='lat' dir='ltr'>usibus</span> <span class='ocrx_word' id='word_1_345' title='bbox 1044 4631 1074 4678; x_wconf 91' lang='lat' dir='ltr'>et</span> <span class='ocrx_word' id='word_1_346' title='bbox 1099 4617 1304 4697; x_wconf 90' lang='lat' dir='ltr'>pertinenciis</span> <span class='ocrx_word' id='word_1_347' title='bbox 1329 4616 1486 4678; x_wconf 89' lang='lat' dir='ltr'>universis</span> 
     </span>
     <span class='ocr_line' id='line_1_42' title="bbox 225 4722 1485 4806; baseline 0 -23"><span class='ocrx_word' id='word_1_348' title='bbox 225 4724 361 4806; x_wconf 88' lang='lat' dir='ltr'>provido</span> <span class='ocrx_word' id='word_1_349' title='bbox 385 4739 416 4786; x_wconf 90' lang='lat' dir='ltr'>et</span> <span class='ocrx_word' id='word_1_350' title='bbox 433 4725 569 4786; x_wconf 88' lang='lat' dir='ltr'>honesto</span> <span class='ocrx_word' id='word_1_351' title='bbox 593 4726 662 4787; x_wconf 94' lang='lat' dir='ltr'>viro</span> <span class='ocrx_word' id='word_1_352' title='bbox 680 4724 823 4805; x_wconf 91' lang='lat' dir='ltr'>Georgio</span> <span class='ocrx_word' id='word_1_353' title='bbox 839 4723 978 4786; x_wconf 80' lang='lat' dir='ltr'>carnifici</span> <span class='ocrx_word' id='word_1_354' title='bbox 996 4743 1031 4785; x_wconf 91' lang='lat' dir='ltr'>ac</span> <span class='ocrx_word' id='word_1_355' title='bbox 1056 4742 1197 4805; x_wconf 87' lang='lat' dir='ltr'>pereum</span> <span class='ocrx_word' id='word_1_356' title='bbox 1224 4723 1290 4785; x_wconf 91' lang='lat' dir='ltr'>suis</span> <span class='ocrx_word' id='word_1_357' title='bbox 1314 4722 1485 4784; x_wconf 87' lang='lat' dir='ltr'>heredibus</span> 
     </span>
    </p>
   </div>
   <div class='ocr_carea' id='block_1_4' title="bbox 227 4828 1489 4968">
    <p class='ocr_par' dir='ltr' id='par_1_6' title="bbox 227 4828 1489 4968">
     <span class='ocr_line' id='line_1_43' title="bbox 227 4828 1489 4914; baseline -0.002 -24"><span class='ocrx_word' id='word_1_358' title='bbox 227 4841 390 4913; x_wconf 70' lang='lat' dir='ltr'>tamquam</span> <span class='ocrx_word' id='word_1_359' title='bbox 424 4831 531 4894; x_wconf 90' lang='lat' dir='ltr'>vicino</span> <span class='ocrx_word' id='word_1_360' title='bbox 563 4831 788 4914; x_wconf 92' lang='lat' dir='ltr'>propinquiori</span> <span class='ocrx_word' id='word_1_361' title='bbox 821 4845 851 4892; x_wconf 90' lang='lat' dir='ltr'>et</span> <span class='ocrx_word' id='word_1_362' title='bbox 884 4831 986 4911; x_wconf 90' lang='lat' dir='ltr'>magis</span> <span class='ocrx_word' id='word_1_363' title='bbox 1017 4831 1202 4893; x_wconf 88' lang='lat' dir='ltr'>voluntario</span> <span class='ocrx_word' id='word_1_364' title='bbox 1233 4848 1292 4913; x_wconf 90' lang='lat' dir='ltr'>pro</span> <span class='ocrx_word' id='word_1_365' title='bbox 1320 4828 1389 4891; x_wconf 84' lang='lat' dir='ltr'>flor.</span> <span class='ocrx_word' id='word_1_366' title='bbox 1413 4841 1489 4887; x_wconf 90' lang='lat' dir='ltr'>octo</span> 
     </span>
     <span class='ocr_line' id='line_1_44' title="bbox 1382 4933 1400 4968; baseline 0 0"><span class='ocrx_word' id='word_1_367' title='bbox 1382 4933 1400 4968; x_wconf 65' lang='lat' dir='ltr'>O</span> 
     </span>
    </p>
   </div>
   <div class='ocr_carea' id='block_1_5' title="bbox 0 0 1718 5256">
    <p class='ocr_par' dir='ltr' id='par_1_7' title="bbox 0 0 1718 5256">
     <span class='ocr_line' id='line_1_45' title="bbox 0 0 1718 5256; baseline 0 0"><span class='ocrx_word' id='word_1_368' title='bbox 0 0 1718 5256; x_wconf 95' lang='lat' dir='ltr'> </span> 
     </span>
    </p>
   </div>
  </div>
 </body>
</html>
