3428 5256
223 323 265 386 54
752 299 955 382 Anno1486.

221 518 294 582 tatis
317 531 473 597 sutorum,
497 537 514 579 a
537 530 625 600 parte
648 536 725 578 vero
749 515 941 579 occidentali
966 534 1065 599 penes
1088 528 1187 577 terras
1216 516 1353 579 arabiles
1377 517 1487 601 hospi-

224 626 295 687 talis
318 638 426 687 sancte
455 625 555 687 Marie
579 636 731 686 annotate
755 623 787 684 in
816 621 900 684 dicta
933 622 1061 683 civitate
1094 621 1231 703 fundati,
1255 639 1384 705 aparte
1409 643 1487 687 vero

222 730 427 793 meridionali
453 750 554 812 usque
587 729 761 807 fossatum,
793 749 810 790 a
843 743 932 810 parte
963 742 1072 790 autern
1103 731 1356 811 septemtrionali
1390 753 1491 815 penes

222 838 307 900 viam
333 856 539 900 communem
575 836 726 918 Philippo
752 835 952 919 Bechethycz
985 835 1070 898 dicto
1101 833 1169 897 filio
1193 835 1314 899 Vrbani
1340 839 1486 903 Janthicz

223 944 309 1007 dicto
333 945 371 1006 de
396 945 587 1026 Nankoywn
612 942 770 1005 moderno
786 943 889 1024 jurato
906 956 1016 1004 nostro
1037 961 1095 1024 pro
1121 962 1238 1004 novem
1264 943 1344 1023 flor,
1369 944 1416 1028 (et
1431 966 1489 1030 per

223 1051 310 1134 eum)
334 1052 400 1112 suis
423 1049 606 1130 heredibus,
631 1049 771 1111 habitam
797 1062 827 1111 et
851 1049 1050 1111 existentem.

330 1157 407 1219 ltem
432 1157 521 1239 quod
543 1168 730 1218 executores
754 1155 936 1217 testamenti
969 1155 1108 1216 condam
1140 1154 1273 1218 domine
1305 1156 1407 1220 Elene
1441 1180 1490 1221 re-

224 1265 296 1327 licte
321 1263 457 1327 condam
484 1262 640 1324 Anthonii
666 1262 780 1344 judicis
804 1276 835 1323 et
863 1261 1005 1323 concivis
1022 1262 1133 1338 nostri,
1152 1262 1319 1326 videlicet:
1338 1266 1490 1346 magister

225 1371 405 1453 Stephanus
429 1370 603 1432 canonicus
627 1369 760 1430 ecclesie
792 1368 1008 1449 zagrabiensis
1044 1387 1170 1430 necnon
1204 1369 1361 1450 plebanus
1386 1374 1487 1436 sancti

225 1478 367 1561 Marchy,
392 1497 427 1538 ac
453 1476 564 1538 Simon
578 1489 680 1537 sartor
697 1495 732 1536 ac
751 1475 907 1536 Martinus
926 1475 1133 1557 Dwmowycz
1151 1474 1368 1540 vendiderunt
1385 1497 1488 1559 quan·

225 1585 298 1647 dam
324 1585 449 1645 vineam
476 1581 715 1644 Kamenschacz
733 1595 889 1660 vocatam,
917 1580 949 1641 in
968 1581 1128 1643 territorio
1153 1596 1272 1660 nostro,
1296 1582 1395 1645 simul
1413 1605 1488 1647 cum

225 1691 350 1774 (hlortis
382 1703 412 1751 et
442 1689 570 1751 stabulo
603 1687 746 1750 eiusdem
780 1687 872 1749 vinee
904 1687 1155 1767 subiacentibus,
1188 1707 1224 1749 ac
1256 1688 1488 1771 desuperiusa

224 1795 476 1878 septemtrionali
508 1790 581 1856 cum
612 1793 805 1876 quibusdam
839 1794 983 1876 quinque
1016 1794 1131 1873 sulcis,
1162 1793 1227 1856 alio
1259 1794 1358 1858 modo
1390 1798 1489 1879 grede

225 1904 320 1982 dicte,
344 1901 507 1964 mediante
532 1901 698 1982 quoddam
724 1899 854 1979 fossato,
888 1914 918 1961 et
943 1901 1024 1961 inter
1056 1899 1190 1981 (hlortos
1214 1901 1356 1964 virorum
1381 1905 1490 1986 provi·

226 2010 340 2071 dorum
366 2022 397 2069 et
420 2008 629 2069 honestorum
656 2006 789 2087 Georgii
822 2005 1059 2089 Wythkowycz
1092 2006 1217 2088 pridem
1250 2006 1365 2088 judicis
1389 2011 1490 2074 nostri

225 2130 256 2178 et
280 2114 433 2198 Stephani
459 2113 671 2196 Shwmanycz
696 2132 732 2175 ac
757 2112 890 2193 Georgii
924 2112 1064 2193 agricole
1096 2114 1188 2175 aliter
1212 2114 1307 2176 Wrsa
1332 2115 1421 2196 dicti,
1446 2120 1488 2180 ab

226 2221 373 2283 orientali
398 2234 497 2303 parte,
522 2239 558 2280 ac
583 2219 665 2281 inter
688 2219 816 2279 vineam
838 2232 869 2280 et
885 2216 1040 2299 (h)ortum
1065 2219 1191 2281 Nicolai
1216 2221 1356 2300 agricole
1374 2220 1487 2286 Safran

228 2327 304 2389 dicti
328 2326 369 2388 ab
393 2324 585 2386 occidentali
610 2339 709 2406 parte,
735 2324 884 2385 Emerico
914 2323 1055 2405 sellipari
1075 2324 1201 2406 pridem
1227 2325 1330 2407 jurato
1355 2340 1386 2388 et
1411 2347 1488 2392 con-

226 2433 288 2496 civi
312 2446 421 2494 nostro
445 2451 504 2514 pro
529 2431 702 2493 duodecim
727 2429 796 2493 flor.
823 2431 892 2491 auri
917 2443 948 2491 et
971 2450 1027 2512 per
1052 2450 1126 2492 eum
1143 2432 1209 2493 suis
1233 2433 1415 2515 heredibus,
1433 2434 1490 2499 ha·

227 2539 325 2602 bitam
351 2554 381 2600 et
405 2539 561 2602 habitum.

333 2646 411 2708 ltem
436 2645 523 2726 quod
548 2646 623 2727 quia
648 2644 800 2722 Briccius,
834 2643 926 2705 aliter
960 2644 1064 2705 Mirko
1096 2644 1211 2724 dictus,
1236 2645 1489 2728 molendinator,

227 2751 373 2814 vendidit
397 2751 560 2833 quandam
595 2751 783 2833 particulam
819 2750 911 2811 vinee
944 2769 1000 2811 sue
1024 2751 1119 2813 simul
1153 2772 1224 2814 cum
1258 2752 1397 2834 virgulto
1429 2755 1492 2817 sibi

227 2860 415 2937 subiacenti,
441 2858 580 2936 divisim,
606 2859 664 2919 sub
684 2857 743 2918 hiis
768 2857 877 2918 metis:
903 2870 1025 2938 aparte
1050 2859 1197 2920 orientali
1223 2878 1323 2941 usque
1348 2860 1491 2924 rivulum

227 2987 284 3029 scu
307 2967 475 3029 decursum
501 2985 582 3046 aque
608 2965 768 3047 pluvialis,
793 2984 808 3024 a
834 2978 922 3045 parte
947 2965 1151 3026 meridionali
1180 2965 1358 3028 abeodem
1384 2968 1490 3031 rivulo

229 3074 435 3156 procedendo
459 3073 499 3134 ad
525 3074 672 3134 arborem
695 3074 809 3153 graber
826 3086 985 3148 vocatam,
1010 3072 1085 3133 inde
1103 3093 1197 3156 super
1222 3075 1429 3156 procedendo
1447 3078 1488 3139 ad

228 3182 374 3242 arborem
408 3181 503 3262 pinus
527 3180 624 3260 vulgo
649 3180 758 3258 jawor,
790 3198 885 3259 super
917 3178 1122 3259 procedendo
1156 3180 1195 3240 ad
1220 3183 1368 3244 arborem
1393 3181 1491 3262 cleni,

164 3374 168 3380 ί
229 3288 304 3349 inde
320 3307 414 3369 super
438 3285 643 3368 procedendo
668 3285 707 3353 ad
727 3286 873 3346 arborem
900 3304 1001 3365 prune
1026 3285 1124 3366 vulgo
1149 3286 1242 3367 zluga
1265 3294 1330 3366 (sic)
1353 3288 1399 3349 cis
1416 3291 1492 3370 (sic)

229 3393 364 3456 eandem
384 3391 495 3473 parte?
518 3391 739 3451 conviciantur
771 3391 864 3452 vinee
892 3390 1037 3452 eiusdem
1056 3392 1181 3471 Briccii,
1206 3407 1236 3455 et
1253 3394 1335 3456 inter
1361 3395 1489 3458 easdem

230 3500 350 3562 mediat
385 3519 480 3582 parva
525 3512 619 3574 meta,
664 3517 680 3558 a
713 3510 800 3579 parte
833 3495 1024 3559 occidentali
1064 3498 1114 3559 via
1146 3499 1274 3580 publica
1316 3520 1372 3562 seu
1404 3520 1492 3564 com·

231 3608 347 3687 munis,
373 3619 496 3689 aparte
521 3624 597 3666 vero
622 3605 751 3666 australi
774 3604 866 3664 vinca
892 3603 1023 3665 domine
1043 3604 1204 3667 Dorothee
1229 3605 1366 3689 (relicte)
1393 3609 1491 3672 Blasii

231 3715 385 3777 institoris
410 3713 529 3795 llowey
555 3712 641 3790 dicti,
666 3725 697 3774 et
721 3712 803 3772 inter
835 3710 962 3772 easdem
996 3712 1114 3774 mediat
1138 3713 1269 3795 quidam
1294 3715 1417 3777 rivulus
1433 3735 1491 3780 seu

233 3820 386 3883 decursus
410 3839 493 3901 aque
511 3819 672 3902 pluvialis,
690 3818 798 3879 Blasio
825 3836 936 3899 sporar
962 3817 1028 3879 filio
1046 3819 1143 3881 Blasii
1162 3820 1200 3881 de
1218 3822 1495 3905 Zenthywrdwar,

231 3947 290 4010 pro
316 3927 445 3988 duobus
469 3924 537 3988 flor.
563 3940 594 3986 et
617 3925 682 3985 suis
706 3923 888 3986 heredibus.
