3428 5256
485 1390 613 1486 (Anno
641 1387 797 1476 Domini
824 1386 1195 1488 moooohxtxxr.)

223 1726 310 1802 Item
339 1727 373 1800 in
394 1749 488 1801 anno
505 1724 648 1800 Domini
664 1725 852 1800 millesimo
877 1725 1232 1825 quadringentesimo
1249 1728 1488 1825 nonagesimo

223 1851 348 1950 primo,
376 1859 540 1948 tempore
555 1848 735 1946 judicatus
757 1850 893 1948 providi
924 1858 962 1924 et
989 1849 1131 1924 honesti
1157 1849 1282 1949 Jacobi
1311 1850 1488 1945 Alemani,

222 1974 281 2050 lilii
312 1972 433 2065 Vlrici‚
463 1973 622 2048 moderni
646 1971 788 2069 judicis,
817 1997 968 2073 presens
1006 1973 1214 2047 kathernum
1250 1983 1308 2049 est
1344 1974 1486 2070 factum,

373 2097 430 2172 die
460 2097 638 2171 dominico
670 2097 702 2170 in
731 2096 830 2172 festo
859 2098 956 2172 beati
986 2096 1138 2172 Dionisii
1168 2098 1336 2174 martiris.

755 2348 797 2426 (9.
820 2345 965 2425 octobris).

330 2486 427 2560 Quod
460 2486 535 2567 quia
568 2486 607 2546 ad
641 2487 827 2547 mandatum
863 2486 1074 2549 literatorium
1106 2487 1299 2548 serenissimi
1335 2486 1489 2569 principis

223 2593 359 2655 condam
385 2592 509 2654 domini
540 2591 659 2654 Mathis
692 2593 774 2673 regis
811 2593 989 2673 Hungarie,
1025 2592 1178 2654 Bohemie
1214 2607 1273 2655 etc.
1299 2591 1392 2653 nobis
1416 2610 1487 2673 pre·

225 2699 364 2781 ceptorie
396 2717 530 2775 sonans,
566 2717 637 2759 cum
675 2697 797 2759 honore
836 2699 1019 2780 accepimus
1051 2697 1236 2759 huiusmodi
1269 2700 1328 2760 sub
1360 2711 1491 2762 tenore:

226 2804 362 2868 Mathias
394 2805 444 2865 dei
476 2804 581 2885 gracia
615 2805 790 2886 Hungarie,
813 2805 968 2866 Bohemie
1000 2820 1057 2867 etc.
1092 2825 1157 2883 rex,
1192 2805 1321 2886 duxque
1347 2805 1487 2868 Austrie.

225 2912 391 2973 Fidelibus
415 2912 531 2972 nostris
556 2911 768 2992 prudentibus
799 2927 829 2972 et
861 2911 1099 2992 circumspectis
1131 2910 1229 2990 judici
1255 2927 1285 2972 et
1312 2909 1422 2990 juratis
1445 2911 1491 2972 ci·

224 3019 317 3079 vibus
341 3018 477 3079 civitatis
501 3031 608 3078 nostre
634 3018 915 3098 Montisgrecensis
931 3018 1067 3079 salutem
1093 3032 1123 3078 et
1148 3018 1302 3098 graciam.
1328 3017 1412 3091 Quia
1432 3036 1491 3079 nos

224 3140 291 3185 tum
317 3114 359 3185 ad¹
383 3124 614 3185 nonnullorum
639 3122 784 3185 fidelium
816 3138 997 3186 nostrorum
1031 3123 1211 3185 humillime
1236 3123 1489 3205 supplicationis

225 3231 414 3292 instanciam
439 3250 495 3313 per
520 3250 576 3291 vos
609 3246 714 3291 nostre
750 3246 916 3314 propterea
949 3246 1093 3313 porrecte
1126 3230 1295 3307 Maiestam,
1320 3243 1388 3291 tum
1414 3249 1490 3292 vero

225 3337 434 3398 consideratis
458 3335 611 3398 fidelitate
636 3352 666 3397 et
699 3338 842 3398 serviciis
874 3337 977 3399 fidelis
1012 3338 1110 3398 nostri
1143 3337 1363 3419 circumspecti
1390 3337 1489 3399 Seba-

225 3443 318 3506 stiani
343 3443 383 3504 de
408 3443 550 3520 Nandor,
576 3444 653 3505 civis
678 3445 822 3504 eiusdem
850 3445 985 3505 civitatis
1010 3459 1115 3505 nostre
1135 3443 1415 3524 Montisgrecensis
1433 3462 1491 3525 per

226 3571 298 3611 eum
324 3570 411 3611 sacre
436 3550 593 3630 imprimis
618 3550 705 3630 regni
740 3551 837 3611 nostri
865 3551 1031 3632 Hungarie
1052 3570 1169 3612 corone
1195 3565 1225 3611 et
1249 3550 1366 3611 deinde
1392 3550 1491 3612 Maie-

225 3659 296 3719 stati
321 3672 428 3719 nostre
454 3657 539 3736 juxta
564 3676 620 3717 sue
637 3657 859 3738 possibilitatis
876 3658 1075 3736 exigentiam
1098 3657 1247 3719 exhibitis
1271 3671 1301 3719 et
1326 3657 1491 3739 impensis,

225 3765 387 3847 quandam
414 3765 547 3825 domum
581 3763 740 3846 lapideam
776 3764 806 3823 in
841 3764 954 3824 eadem
989 3764 1116 3826 civitate
1152 3778 1258 3825 nostra
1283 3764 1314 3824 in
1340 3763 1490 3844 contigua

227 3871 389 3932 vicinitate
423 3870 594 3930 domorum
637 3890 653 3930 a
687 3870 893 3930 meridionali
934 3871 1153 3953 circumspecti
1187 3871 1324 3932 condam
1358 3869 1491 3952 Georgii
1566 3851 1572 3861 ⁸

227 3977 377 4061 Klarych,
402 3997 418 4036 a
443 3975 696 4057 septemtrionali
722 3995 799 4036 vero
833 3977 976 4057 partibus
1001 3978 1075 4039 Jure
1110 3977 1255 4058 pellificis
1280 3998 1317 4037 ex
1341 3976 1491 4059 opposito

226 4083 346 4144 scilicet
371 4083 464 4144 turris
496 4082 626 4144 ecclesie
660 4085 757 4143 sancti
786 4083 882 4143 Marci
917 4083 1070 4162 habitam,
1103 4085 1134 4145 in
1160 4085 1250 4144 cuius
1274 4081 1407 4165 pacifico
1433 4082 1490 4143 do·

228 4190 328 4251 minio
354 4190 438 4249 idem
465 4189 669 4251 Sebastianus
695 4187 853 4270 prelatum
887 4190 1023 4251 condam
1050 4189 1226 4270 Georgium
1254 4187 1392 4270 Klarycb
1418 4207 1490 4271 pre·

228 4297 429 4357 decessorem
456 4315 548 4356 suum
575 4316 610 4355 ex
637 4295 817 4356 donacione
851 4313 957 4357 nostra
991 4317 1047 4380 per
1078 4311 1198 4358 certum
1224 4310 1352 4378 tempus
1377 4296 1489 4378 persti-

227 4404 300 4464 tisse
325 4421 423 4482 seque
449 4403 613 4482 persistere
640 4417 784 4464 asserunt
809 4403 910 4464 eciam
928 4404 968 4464 de
986 4402 1135 4484 presenti,
1157 4399 1253 4461 simul
1278 4420 1351 4461 cum
1370 4401 1492 4463 cunctis

227 4509 293 4570 suis
326 4508 517 4569 utilitatibus
549 4523 578 4568 et
611 4509 817 4590 pertinenciis
853 4510 1051 4590 quibuslibet
1083 4507 1244 4590 premissis
1278 4523 1311 4567 ut
1336 4506 1492 4589 prefertur

227 4614 384 4674 stantibus
408 4628 437 4674 et
462 4633 494 4674 se
520 4612 712 4674 habentibus
737 4629 917 4677 memorato
938 4613 1137 4692 Sebastiano,
1162 4611 1293 4693 suisque
1317 4612 1491 4678 heredibus

228 4733 259 4782 et
283 4719 521 4801 posteritatibus
546 4720 703 4781 universis
726 4721 836 4802 vigore
860 4721 996 4784 alierum
1013 4718 1179 4782 literarum
1202 4731 1310 4780 nostre
1332 4738 1415 4782 nove
1432 4719 1491 4781 do·

228 4826 373 4889 nacionis
396 4825 490 4888 titulo
515 4826 630 4888 exinde
647 4824 865 4891 confectatum
888 4826 1133 4912 inperpetuum
1156 4824 1363 4908 contulimus,
1387 4824 1490 4892 fideli·
