3428 5256
774 337 957 401 Inventaria.
1441 362 1499 424 ¹77

235 548 358 608 rubrica
387 550 583 630 »capitulum
610 571 639 630 5.
663 549 703 611 de
727 551 865 631 pectoris
890 551 1009 613 ossium
1039 551 1294 632 assignacione‹,
1319 566 1349 614 et
1374 554 1405 614 in
1431 553 1494 616 fine

234 653 337 714 ultimi
366 653 435 715 folii
460 653 528 715 linit
554 670 628 716 »aut
652 674 728 717 vero
752 656 808 717 tibi
835 657 901 738 ipse
926 676 1013 719 εστι.

340 760 428 838 ltem,
453 761 585 842 quidem
610 762 691 823 liber
715 762 746 822 in
771 782 980 844 pargamen0,
1004 763 1073 825 sine
1096 764 1343 846 copertorio,de
1370 765 1495 846 legibus

233 866 467 944 Romanorum,
493 867 524 928 in
549 867 651 949 prima
676 869 793 950 pagina
817 869 913 950 primi
936 868 1005 930 folii
1031 870 1167 949 deletus,
1191 884 1223 932 et
1248 870 1280 931 in
1304 867 1367 932 fine
1393 872 1497 953 prime

232 974 348 1054 pagine
372 974 504 1035 secundi
530 972 600 1035 lolii
624 973 694 1036 linit
713 993 806 1036 »nam
831 976 920 1057 quod
937 977 977 1038 ab
1000 976 1103 1056 ipso«,
1127 990 1158 1038 et
1182 976 1214 1038 in
1239 975 1302 1038 fine
1328 977 1400 1039 libri
1426 976 1496 1040 finit

235 1077 395 1141 »finitura
783 1065 788 1071 ’

337 1184 426 1263 Item,
451 1185 584 1266 quidam
609 1185 690 1246 liber
722 1185 761 1248 dc
793 1205 888 1267 parva
922 1185 1027 1249 littera
1059 1186 1182 1249 habena
1206 1188 1237 1248 in
1263 1187 1422 1269 principio
1447 1202 1493 1250 ta-

231 1290 340 1350 bulam
365 1291 542 1352 secundum
567 1290 714 1353 ordinem
740 1290 914 1373 alphabeti,
939 1293 994 1373 qui
1020 1293 1131 1374 incipit
1156 1293 1188 1354 in
1206 1293 1331 1354 rubrica
1359 1293 1493 1376 ›lncipit

232 1396 388 1477 prologus
406 1396 477 1457 libri
497 1397 636 1474 Ysaaltc,
660 1412 691 1458 et
715 1397 856 1479 primum
872 1397 1049 1479 capitulum
1068 1399 1181 1481 incipit
1207 1398 1311 1461 »Cum
1336 1400 1439 1461 eciam
1457 1420 1494 1461 ex

230 1516 369 1583 quatuor
393 1503 561 1564 elementia
585 1503 797 1585 composita«.

339 1609 428 1687 Item,
447 1629 530 1670 unua
554 1609 636 1671 liber
659 1609 691 1670 in
717 1608 897 1685 medicinis,
914 1609 970 1689 qui
995 1608 1107 1690 incipit
1123 1629 1195 1670 cum
1221 1611 1348 1672 rubrica
1375 1610 1491 1693 »Capi-

230 1716 334 1777 tulum
359 1716 511 1797 primum,
536 1717 567 1776 in
591 1735 657 1797 quo
682 1730 728 1776 est
745 1715 978 1776 rememoracio
995 1735 1135 1792 rerum«,
1159 1731 1190 1777 et
1214 1717 1326 1799 incipit
1350 1718 1490 1798 primum

230 1821 406 1903 capitulum
436 1823 592 1884 »Necesse
617 1821 746 1898 catilli,
771 1821 826 1901 qui
852 1820 920 1881 vult
945 1839 1172 1902 componerec,
1197 1835 1228 1884 et
1253 1824 1284 1883 in
1310 1823 1412 1905 prima
1438 1842 1492 1905 pa·

227 1929 302 2008 gina
327 1928 459 1989 secundi
485 1926 553 1988 folii
581 1925 651 1989 linit
677 1940 744 1988 »eat
767 1925 822 1987 ille
848 1945 914 2007 quo
938 1927 1107 2009 probant«.

335 2034 424 2112 ltem,
449 2033 581 2114 quidam
608 2032 689 2094 liber
714 2033 745 2093 in
770 2032 950 2110 medicinis,
967 2032 1036 2094 aine
1061 2034 1275 2115 coopertoria,
1299 2035 1355 2115 qui
1380 2036 1492 2118 incipit

228 2141 260 2201 in
286 2141 390 2222 primo
415 2140 558 2222 capitulo
585 2139 765 2201 »Medicina
790 2138 944 2200 dividitur
968 2138 1098 2200 induas
1121 2155 1258 2221 partesc,
1283 2155 1314 2203 et
1339 2141 1369 2202 in
1388 2143 1491 2224 prima

227 2248 344 2328 pagina
368 2246 500 2308 secundi
526 2245 594 2307 lolii
619 2244 688 2307 finit
716 2265 771 2306 »ex
795 2259 917 2325 septem
943 2246 1038 2306 rebus
1062 2246 1314 2327 superioribus‹.

333 2353 422 2431 Item,
439 2352 574 2435 quidam
591 2352 682 2430 liber,
699 2352 845 2413 similiter
857 2352 924 2413 aine
942 2352 1136 2433 copertorio,
1154 2353 1185 2413 in
1204 2353 1383 2433 medicinis,
1400 2354 1491 2416 cuius

226 2460 329 2541 prime
366 2459 482 2541 pagine
519 2458 623 2520 littere
656 2478 721 2520 non
763 2472 935 2540 apparent,
968 2458 1059 2518 cuius
1103 2460 1205 2540 prima
1239 2460 1341 2522 littera
1375 2473 1422 2521 eat
1457 2461 1489 2522 S.

226 2584 391 2645 magnum,
416 2566 568 2647 scripturn
595 2584 667 2626 cum
692 2564 857 2626 cenubrio.

332 2671 420 2749 ltem,
445 2671 577 2752 quidam
613 2670 695 2732 liber
731 2683 900 2751 corruptus
932 2682 963 2731 et
996 2668 1134 2730 laniatus
1165 2669 1196 2730 in
1232 2684 1372 2751 quatuor
1403 2669 1488 2731 loliis

225 2778 347 2859 primis,
372 2776 423 2839 cui
449 2778 480 2838 in
505 2776 568 2838 line
592 2777 665 2838 libri
698 2777 852 2858 scripturn
888 2788 934 2836 est
970 2794 1042 2837 cum
1067 2775 1193 2836 rubrica
1220 2776 1380 2858 >Explicit
1404 2777 1485 2838 liber

225 2883 382 2945 dictarum
409 2884 672 2944 universalium«.

331 2989 420 3067 ltem,
452 2990 584 3071 quidam
618 2989 699 3050 liber
731 2988 887 3049 lobannis
919 2988 959 3049 de
990 3002 1101 3050 sancto
1133 2988 1294 3065 Amando,
1319 3001 1350 3050 et
1376 2987 1488 3069 incipit

223 3095 363 3176 primum
389 3095 565 3177 capitulum
594 3093 775 3177 ›Operacio
811 3094 1010 3172 medicine‹,-
1037 3109 1068 3155 et
1099 3094 1130 3154 in
1156 3092 1218 3155 fine
1243 3095 1346 3176 prime
1371 3093 1487 3176 pagine

223 3200 354 3262 secundi
380 3199 448 3262 folii
474 3199 544 3262 finit
571 3213 659 3261 »esto
683 3201 788 3262 inulto
812 3200 947 3281 magiae.
