3428 5256
552 1330 680 1429 (Anno
708 1329 864 1417 Domini
891 1328 1216 1430 mccccuxxfl.)

229 1662 317 1738 ltem
346 1664 380 1738 in
410 1687 503 1739 anno
534 1663 676 1739 Domini
715 1666 904 1741 millesimo
944 1667 1304 1766 quadringentesimo
1343 1675 1489 1767 septua-

227 1787 371 1885 gesimo
397 1789 570 1875 secundo,
609 1796 774 1887 tempore
807 1788 988 1886 judicatus
1026 1789 1213 1866 Benedicti
1234 1789 1294 1865 lilii
1325 1789 1489 1890 Georgii,

222 1909 352 2006 judicis
381 1910 497 1985 nostri
527 1910 700 1997 moderni,
730 1912 886 1987 sabbato
921 1915 1084 2012 proximo
1113 1921 1198 1989 ante
1226 1913 1359 1989 festum
1389 1914 1490 1989 Puri·

227 2032 409 2108 ficacionis
446 2034 555 2109 beate
591 2033 703 2110 Marie
741 2036 889 2135 virginis
928 2037 1089 2136 proxime
1126 2046 1333 2123 venturum,
1383 2061 1494 2137 super

227 2158 492 2256 registracione
521 2167 558 2234 et
586 2160 867 2255 consignatione
904 2162 1086 2236 literarum
1124 2161 1397 2260 privilegialium
1426 2162 1489 2254 (ci-

226 2282 334 2376 vium)
363 2291 402 2356 et
428 2282 707 2358 inhabitatorum
728 2283 824 2358 dicte
846 2285 1014 2375 civitatis,
1035 2286 1142 2361 modo
1173 2294 1211 2361 et
1239 2286 1364 2361 ordine
1385 2285 1489 2360 infra·

780 2409 936 2506 scriptis.

757 2668 797 2731 (t.
815 2655 990 2730 februarii).

334 2812 418 2885 Quia
444 2813 492 2873 vir
516 2811 670 2894 providus
693 2812 846 2874 Nicolaus
870 2825 981 2889 sartor,
1002 2812 1110 2872 senior
1134 2811 1266 2893 juratus,
1290 2811 1442 2888 sororius,
1460 2825 1490 2872 et

227 2918 361 2980 honeste
386 2917 537 2981 domine:
571 2918 744 2979 Katherina
769 2919 864 2980 Blasii
897 2918 1050 2979 institoris
1089 2932 1119 2979 et
1154 2917 1317 2979 Dorothea
1350 2917 1488 2979 condam

226 3024 353 3086 Nicolai
378 3025 507 3086 sartoris
530 3038 705 3102 consortes,
730 3039 916 3086 executores
933 3025 1115 3085 testamenti
1140 3023 1272 3086 domine
1296 3023 1429 3104 Agnetis
1442 3042 1489 3083 re·

226 3128 300 3192 licte
316 3129 454 3192 condam
473 3129 624 3191 Thoman
645 3131 799 3191 institoris
818 3130 1033 3210 Hansberger,
1050 3130 1128 3191 olim
1154 3129 1268 3210 judicis
1292 3142 1322 3191 ct
1346 3129 1489 3190 concivis

226 3237 338 3314 nostri,
362 3235 579 3298 vendiderunt
609 3235 772 3317 quandam
807 3251 921 3297 terram
955 3235 1109 3297 arabilem
1139 3236 1238 3317 ipsius
1270 3235 1408 3296 condam
1433 3235 1490 3296 do·

225 3342 313 3404 utine
339 3343 472 3422 Agnetis
496 3343 528 3403 in
547 3362 660 3424 campo
679 3342 815 3403 civitatis
832 3342 973 3424 predicte
999 3342 1080 3402 inter
1095 3354 1211 3401 terram
1230 3340 1343 3423 prelati
1361 3339 1487 3401 Nicolai

223 3448 353 3511 sartoris
377 3463 407 3510 et
430 3463 545 3509 terram
572 3463 678 3509 nostre
703 3448 942 3509 communitatis
967 3448 997 3508 in
1024 3448 1095 3508 loco
1121 3447 1264 3529 Tratyne
1289 3460 1403 3508 vocato
1429 3446 1486 3507 ba·

225 3555 336 3634 bitem,
359 3569 482 3637 septem
507 3555 608 3616 dietas
632 3555 663 3615 in
688 3575 721 3616 se
746 3554 977 3630 continentem,
1007 3554 1221 3616 vendiderunt
1246 3553 1369 3636 prelato
1388 3555 1488 3615 Bene·

224 3660 311 3722 dicto
336 3660 432 3739 judici
459 3675 569 3722 nostro
594 3660 751 3722 moderno
777 3676 807 3722 et
841 3661 906 3722 suis
938 3659 1121 3736 heredibus,
1154 3660 1204 3721 cui
1230 3660 1300 3721 data
1327 3675 1373 3721 est
1398 3660 1489 3722 litera

225 3780 331 3829 nostre
356 3767 598 3829 communitatis
621 3766 653 3827 in
678 3767 830 3848 pendenti
856 3768 1053 3847 consignata.

330 3874 397 3935 Nos
423 3873 614 3934 Benedictus
639 3871 723 3934 filius
748 3872 881 3953 Georgii
914 3873 1020 3952 juder,
1055 3872 1193 3950 Blasius,
1218 3871 1386 3949 Achacius,
1412 3872 1489 3933 Dio·

224 3980 335 4058 nisius,
361 3981 452 4058 Pero,
486 3979 676 4062 Stephanus,
710 3978 897 4061 Gregorius,
930 3979 1097 4061 Philippus
1129 3993 1160 4040 et
1192 3978 1353 4059 Georgius
1384 3979 1488 4059 jurati,

224 4085 399 4147 consiliarii
423 4101 453 4147 et
479 4086 618 4147 universi
643 4086 728 4146 cives
753 4086 890 4146 civitatis
908 4085 1199 4166 Montisgrecensis.
1226 4085 1383 4146 Memorie
1400 4104 1488 4146 com-

224 4190 416 4252 mendamus
439 4205 550 4253 tenore
569 4192 769 4272 presencium
788 4190 1015 4273 significantes,
1033 4192 1152 4272 quibus
1168 4192 1296 4273 expedit
1322 4191 1487 4254 universis.

224 4296 322 4370 Quod
348 4297 396 4358 vir
419 4297 574 4379 providus
606 4313 636 4359 et
671 4297 824 4359 honestus
856 4298 1021 4358 Dionisius
1052 4296 1136 4359 lilius
1169 4298 1306 4359 condam
1332 4296 1487 4358 Anthonii

224 4402 395 4487 Sypcbych
420 4405 641 4486 cognominati
676 4405 714 4465 de
740 4405 910 4481 Raltonolt,
942 4404 1117 4466 modernus
1149 4405 1270 4484 juratus
1293 4417 1323 4465 et
1347 4405 1489 4466 concivis

223 4526 331 4573 noster
355 4513 566 4593 supradictus,
584 4512 622 4572 ad
642 4527 782 4573 nostram
801 4512 1012 4594 personaliter
1037 4512 1168 4573 veniens
1184 4512 1382 4593 presenciam
1408 4512 1488 4572 dixit

223 4630 254 4678 et
275 4616 439 4680 coufessus
463 4633 509 4680 est
533 4619 665 4680 oraculo
698 4618 769 4679 vive
802 4618 891 4678 vocis
921 4636 976 4678 sue
1002 4617 1033 4678 in
1065 4616 1151 4679 hunc
1183 4618 1336 4680 modum:
1362 4632 1395 4679 ut
1420 4619 1486 4700 ipse

222 4723 385 4812 quandam
410 4723 545 4792 domum
576 4743 667 4791 susm
700 4737 870 4807 muratam,
902 4742 1026 4787 necnon
1060 4721 1197 4789 fundum
1222 4738 1252 4787 et
1278 4722 1426 4789 hedificia
1452 4723 1482 4784 in
