3428 5256
724 335 910 398 Inventam.
1394 354 1455 418 213

234 599 238 607 .
296 550 374 613 ltem
399 565 473 611 sunt
497 549 560 611 due
585 547 742 626 custodie,
766 566 903 630 quarum
921 567 985 610 una
1009 562 1056 610 est
1079 548 1206 610 subtilis
1229 549 1331 611 serico
1356 567 1456 610 aureo

190 671 287 734 texta,
313 657 375 718 alia
399 675 477 717 vero
501 669 549 717 est
572 654 711 738 simplex
736 668 767 715 et
791 653 970 737 corporalia
994 653 1071 715 duo.

298 763 375 823 Item
401 762 514 823 cadem
539 779 592 822 ara
615 759 711 822 habet
734 779 832 821 unam
857 759 1034 842 ampullam
1052 780 1111 842 pro
1136 760 1212 822 vino
1236 758 1409 822 officiantis
1425 774 1456 822 et

193 868 289 930 aliam
307 887 366 949 pro
383 886 467 948 aqua
499 857 715 948 ponderantes
746 865 874 927 lotones
897 865 1048 927 undecim
1082 880 1113 928 et
1141 866 1296 946 medium,
1323 867 1354 927 in
1372 880 1457 928 certa

193 987 281 1056 parte
308 973 469 1033 deaurare.

298 1077 375 1138 Item
400 1096 461 1160 pax
486 1091 637 1158 argentea
660 1090 726 1139 tota
750 1077 903 1139 deaurata
936 1097 1009 1139 cum
1040 1075 1173 1139 cbateua
1198 1091 1348 1157 argentea
1372 1077 1457 1137 bona

192 1197 224 1246 et
246 1184 368 1265 optima
392 1182 577 1264 ponderans
600 1201 661 1264 pax
684 1202 757 1245 cum
782 1181 916 1245 cbateoa
941 1183 1067 1245 lotones
1084 1229 1138 1246 ...

298 1288 375 1349 Item
399 1288 530 1349 stallum
555 1288 700 1350 ciusdem
724 1309 776 1350 are
798 1288 920 1350 babens
936 1302 1043 1372 tapete
1067 1308 1169 1350 unum
1187 1290 1310 1350 bonum
1336 1303 1366 1349 et
1391 1307 1457 1348 ma·

192 1415 306 1476 gnum,
321 1393 409 1477 quod
433 1414 491 1477 per
515 1409 670 1456 rectorem
695 1414 748 1457 are
773 1395 805 1456 in
832 1394 1059 1457 festivitatibus
1081 1407 1187 1456 totum
1211 1394 1401 1456 solennibus
1417 1393 1457 1454 ad

192 1501 322 1563 stallum
348 1500 444 1562 debet
469 1501 559 1582 poni.

299 1605 377 1668 ltem
402 1626 454 1668 ara
480 1605 594 1667 eadem
619 1604 716 1668 babet
748 1625 849 1668 unum
882 1608 1005 1668 bonum
1030 1619 1062 1667 et
1093 1624 1213 1666 novum
1238 1602 1366 1665 Misssle
1391 1621 1457 1664 ma·

192 1730 294 1792 gnum
318 1711 496 1774 secundum
521 1711 787 1796 consvetudinem
811 1712 1065 1793 zagrabiensem.

300 1819 376 1880 ltem
414 1819 480 1879 duo
513 1816 705 1878 candelabra
738 1836 854 1898 cuprea
887 1816 1030 1878 eiusdem
1064 1835 1117 1877 are
1151 1830 1182 1877 et
1206 1817 1353 1877 cussinos
1375 1834 1458 1877 unus

193 1924 248 2006 qui
274 1924 403 2005 ponitur
427 1927 486 1984 sub
511 1924 594 1985 libro
619 1937 764 2005 tempore
789 1923 1022 1985 celebracionis
1046 1923 1151 2000 misse,
1176 1937 1246 1984 cute
1273 1922 1414 1985 indutus.

300 2028 376 2089 ltem
408 2043 512 2090 rector
552 2028 696 2090 eiusdem
739 2048 792 2090 are
824 2029 985 2091 tenebitur
1020 2041 1051 2090 et
1090 2027 1150 2089 erit
1191 2027 1353 2109 obligatus
1388 2046 1458 2110 per·

193 2148 290 2216 petuo
314 2133 419 2195 dicere
444 2134 476 2195 in
501 2133 683 2195 ebdomada
706 2134 785 2197 duas
807 2135 929 2213 missas,
954 2154 1051 2196 unam
1081 2132 1158 2194 feria
1182 2134 1334 2212 secunda,
1368 2133 1457 2194 vide·

196 2239 288 2301 licet:
313 2238 484 2318 Requiem,
509 2257 582 2299 cum
599 2240 701 2300 tribus
717 2239 878 2316 collectis;
899 2240 1002 2321 prima
1019 2238 1154 2301 collecta
1178 2257 1237 2320 pro
1261 2239 1458 2321 parentibus,

195 2346 227 2407 in
254 2346 330 2421 vita,
355 2359 425 2426 post
450 2359 587 2406 mortem
612 2364 688 2407 vero
718 2344 897 2408 fundatoris
928 2345 1081 2428 predicti:
1108 2346 1236 2407 »Presta
1261 2362 1454 2426 quesumus«

194 2470 254 2533 pro
286 2450 470 2528 sacerdote,
502 2449 678 2513 secundam
710 2470 769 2533 pro
810 2451 1055 2530 commendatis,
1089 2451 1239 2514 terciam:
1274 2450 1457 2513 »Fidelium

195 2558 380 2620 densete«

303 2663 381 2726 ltem
399 2664 574 2726 secundam
591 2665 721 2726 missam
738 2666 890 2728 sabbato:
907 2664 947 2726 de
964 2665 1200 2746 Assumpciooe
1223 2664 1457 2746 gloriosissime

194 2771 329 2852 virginis
353 2770 463 2849 Marie,
488 2771 636 2833 similiter
660 2790 733 2832 cum
756 2772 859 2832 tribus
891 2770 1043 2849 collectis,
1066 2771 1188 2853 prima:
1212 2771 1304 2833 beate
1329 2771 1458 2852 virgini,

194 2877 354 2939 secunda:
382 2878 509 2938 ›Presta
528 2897 700 2959 quesemus
717 2877 925 2960 omnipotens
941 2877 1061 2955 Deus«,
1084 2896 1143 2959 pro
1166 2876 1343 2955 sacerdote,
1359 2878 1458 2938 tercia

196 3005 272 3047 vero
297 2985 337 3046 de
361 2985 514 3048 omnibus
537 2985 663 3048 sanctis.
