3428 5256
233 323 294 386 ¹32
766 307 946 365 Inventaria.

230 514 336 594 iuro«,
360 531 392 577 et
416 517 448 577 in
473 516 536 579 fine
561 516 633 578 libri
658 514 745 578 finit:
780 531 924 598 »patrum
959 531 1182 592 nostrorum‹;
1215 530 1420 597 procuratus
1456 538 1519 602 per

231 625 314 685 bone
350 623 506 684 memorie
542 623 711 683 dominum
754 622 933 683 lohannem
975 621 1236 683 archidiaconum
1271 621 1519 704 dubicensem,

229 742 324 811 prout
349 729 379 789 in
406 729 546 810 quadam
572 728 697 790 rubrica
723 729 754 788 in
780 726 841 788 fine
868 728 1011 789 eiusdem
1041 727 1113 789 libri
1139 742 1280 810 apparet.

334 852 413 914 ltem
439 872 539 914 unum
564 851 652 912 aliud
676 852 867 913 Leccionale
893 853 1065 933 incipiens:
1105 857 1151 913 »A
1175 852 1291 915 diebus
1313 855 1511 938 antiquis«,

229 978 301 1021 cum
328 973 414 1036 nota,
439 973 469 1019 et
494 959 525 1019 in
550 956 612 1019 fine
635 958 737 1039 prime
755 958 870 1039 pagine
894 958 1025 1019 secundi
1052 956 1121 1019 lolii
1140 956 1225 1020 finit:
1253 958 1375 1022 »alieni
1401 960 1513 1024 devo·

229 1078 332 1143 rant«,
356 1077 386 1126 et
402 1064 433 1124 in
451 1062 513 1124 fine
530 1064 603 1124 libri
622 1062 742 1125 habens
759 1064 798 1124 de
815 1082 963 1124 sermone
981 1062 1221 1125 Purificacionis
1238 1065 1332 1127 beate
1350 1065 1507 1147 virginis.

334 1187 411 1249 ltem
438 1206 538 1247 unum
563 1187 766 1265 Leccionale,
791 1188 898 1268 magni
925 1188 1111 1266 voluminis,
1144 1183 1306 1266 delestis,
1331 1188 1429 1269 quod
1458 1191 1507 1253 in·

228 1293 305 1374 cipit
328 1313 401 1354 cum
426 1293 570 1353 rubrica:
607 1293 813 1354 ‘Secundum
847 1293 1063 1370 lohannem«,
1095 1307 1126 1354 et
1158 1293 1190 1354 in
1218 1293 1329 1374 nigro:
1361 1293 1416 1356 »ln
1446 1295 1510 1360 illo

228 1415 373 1481 tempore
405 1401 508 1460 stabat
540 1397 734 1477 lohannes«,
767 1414 797 1460 et
833 1401 863 1460 in
900 1396 962 1460 fine
994 1400 1096 1480 prime
1128 1401 1243 1481 pagine
1266 1399 1403 1462 secundi
1430 1399 1508 1465 folii

227 1506 314 1569 finit:
345 1507 474 1568 ’Nubes
499 1507 641 1583 volant«,
674 1521 704 1568 et
728 1507 759 1567 in
793 1505 855 1567 fine
899 1507 970 1567 libri
1008 1505 1094 1567 finit:
1131 1507 1204 1567 »sed
1238 1522 1429 1589 peccatores
1462 1510 1505 1572 ad

228 1613 474 1694 penitenciam«

333 1735 411 1796 ltem
436 1755 518 1796 unus
541 1736 623 1796 liber
647 1736 889 1798 Sermocionale
914 1737 1027 1814 dictus,
1045 1737 1153 1817 magni
1177 1736 1364 1816 voluminis,
1390 1751 1423 1800 et
1450 1739 1504 1803 in·

227 1841 321 1922 cipit:
350 1841 517 1923 ‘Propicia
543 1841 741 1917 divinitate«,
767 1857 798 1903 et
826 1843 857 1903 in
890 1841 951 1903 fine
985 1843 1087 1922 prime
1119 1843 1235 1924 pagine
1258 1843 1393 1905 secundi
1418 1842 1497 1909 folii

230 1944 317 2008 finit:
355 1947 501 2028 »qualem
527 1966 727 2021 summam«;
753 1963 784 2009 et
808 1963 854 2010 est
879 1949 910 2009 in
936 1949 1135 2028 marginibus
1163 1949 1281 2010 incisus
1305 1960 1337 2009 et
1360 1949 1502 2013 mirabi-

228 2052 301 2113 liter
326 2053 515 2114 destructus.

333 2177 409 2238 ltem
436 2197 535 2239 unum
555 2179 746 2240 Leccionsle
764 2198 896 2256 novum,
914 2179 1002 2260 quod
1021 2179 1133 2261 incipit
1150 2180 1188 2240 de
1206 2179 1350 2240 rubrica:
1377 2180 1503 2244 sLiber

228 2285 285 2345 iste
311 2298 442 2345 vocatur
468 2285 657 2345 Leccionale
674 2285 888 2363 breviatum«,
913 2299 944 2346 et
961 2286 992 2346 in
1017 2283 1079 2346 fine
1098 2286 1199 2367 prime
1217 2285 1333 2366 pagine
1358 2287 1502 2350 secundi

226 2388 294 2451 lolii
319 2389 407 2451 finit:
437 2404 578 2451 »mutata
604 2392 733 2468 velim«,
759 2406 788 2452 et
814 2391 844 2451 in
870 2389 932 2451 fine
958 2392 1031 2452 libri
1055 2391 1176 2452 habens
1200 2391 1378 2453 doctrinam
1406 2392 1498 2456 beati

226 2497 381 2558 lobannis
406 2496 597 2558 Grisostomi
630 2517 724 2578 super
756 2498 949 2579 quibusdam
985 2497 1260 2579 perplexitatibus,
1293 2497 1331 2557 de
1366 2498 1499 2561 rubrica

224 2604 388 2685 scriptam.

331 2727 406 2788 ltem
433 2727 520 2787 aliud
555 2728 757 2804 Leccionale,
789 2728 863 2788 satis
896 2728 1055 2808 pulcrum,
1088 2728 1177 2809 quod
1203 2728 1315 2810 incipit
1339 2746 1412 2788 cum
1439 2749 1497 2791 ru·

225 2835 310 2894 brica
338 2833 374 2895 de
399 2848 508 2894 sancto
535 2834 688 2895 Silvestro
707 2854 799 2915 papa,
819 2849 849 2895 et
874 2835 905 2894 in
926 2832 987 2895 fine
1009 2835 1111 2915 prime
1130 2835 1246 2915 pagine
1270 2834 1402 2895 secundi
1421 2833 1496 2898 folii

225 2937 310 3000 finit:
338 2959 421 2999 »non
441 2939 664 3000 mediocriter«
679 2960 687 3014 ;
705 2940 735 2999 in
756 2939 817 3000 fine
835 2937 908 3001 libri
935 2938 1020 3000 finit:
1041 2940 1160 3001 »libera
1179 2959 1263 3001 me«.
1282 2940 1494 3003 Procuratum

224 3046 372 3106 similiter
404 3065 459 3127 per
491 3048 575 3106 bone
609 3047 763 3106 memorie
804 3047 974 3106 dominum
1016 3046 1194 3107 iohannem
1228 3045 1494 3109 archidiaconum

225 3151 457 3228 dubiciensem,
483 3167 577 3233 prout
603 3152 633 3212 in
659 3153 785 3212 rubrica
811 3154 841 3213 in
867 3151 930 3213 fine
954 3153 1027 3213 libri
1054 3153 1155 3234 posita
1181 3153 1383 3214 describitur.

332 3293 408 3353 ltem
436 3313 535 3354 unum
560 3294 647 3355 aliud
675 3295 877 3373 Leccionale,
911 3296 999 3376 quod
1024 3296 1171 3356 similiter
1203 3295 1315 3377 incipit
1338 3312 1412 3356 cum
1437 3314 1493 3356 ru·

225 3400 309 3460 brica
335 3400 374 3460 de
398 3415 507 3461 sancto
526 3401 678 3461 Silvestro
704 3422 796 3483 papa,
814 3418 843 3461 et
861 3403 892 3462 in
918 3401 980 3462 fine
999 3403 1101 3483 prime
1120 3403 1236 3483 pagine
1261 3399 1394 3462 secundi
1414 3398 1489 3463 folii

225 3503 313 3566 finit:
335 3506 548 3566 »commendo
566 3507 730 3567 ecclesiam
750 3507 833 3584 dei«,
848 3521 878 3568 et
897 3508 926 3567 in
945 3506 1007 3568 fine
1024 3507 1096 3568 libri
1114 3506 1201 3568 finit:
1223 3522 1273 3568 «et
1292 3505 1374 3567 calix
1399 3525 1493 3569 meus

227 3611 388 3670 inebrians
412 3631 508 3691 quam
535 3613 696 3693 preclarus
721 3627 776 3674 est.
803 3613 974 3674 Alleluia«

621 3877 864 3958 Sequuntur
891 3881 1095 3944 Missalia.

332 4035 408 4095 ltern
435 4056 534 4097 unum
561 4038 689 4098 Missale
718 4040 866 4120 pulcrum
894 4041 1070 4102 secundum
1096 4059 1224 4101 cursum
1250 4040 1487 4121 Romanorum,

224 4140 344 4201 habens
370 4142 590 4204 kalendarium
616 4161 688 4205 ante
714 4159 743 4206 et
768 4148 923 4226 quasdam
957 4147 1133 4224 oraciones,
1158 4146 1247 4227 quod
1273 4146 1385 4227 incipit
1409 4163 1485 4208 cum

224 4248 367 4307 rubrica:
397 4248 586 4310 ›Dominica
612 4251 713 4332 prima
747 4252 786 4312 de
812 4254 996 4331 Adventu«,
1030 4253 1061 4314 in
1086 4252 1149 4313 fine
1174 4253 1276 4334 prime
1301 4252 1417 4334 pagine
1441 4271 1491 4315 se·

224 4353 320 4413 cundi
346 4351 413 4414 folii
439 4353 525 4416 finit:
556 4357 693 4417 »servire
729 4378 848 4436 mere«,
877 4375 907 4420 et
939 4360 969 4420 in
996 4358 1057 4420 fine
1090 4359 1163 4419 libri
1189 4358 1228 4419 de
1254 4359 1367 4420 eadem
1394 4358 1486 4420 litera

224 4457 292 4519 finit
317 4459 347 4519 in
381 4462 549 4522 oracione:
589 4463 732 4524 >Exaudi
766 4485 825 4525 nos
858 4465 1030 4543 Domine«,
1062 4484 1158 4545 super
1188 4465 1373 4546 aspersione
1405 4483 1489 4546 sque

224 4565 409 4642 benedicte;
434 4584 621 4649 coopertum
648 4569 686 4629 de
711 4571 814 4632 serico
838 4573 940 4632 rubeo
973 4590 1044 4632 cum
1068 4571 1169 4632 tribus
1194 4571 1348 4632 clausuris
1372 4570 1412 4632 de
1437 4590 1488 4633 er·

221 4685 330 4751 gento,
362 4671 482 4736 habens
514 4675 624 4736 decem
658 4677 791 4737 monilia
824 4677 864 4737 ad
897 4675 1014 4757 figuras
1045 4695 1156 4759 regum
1188 4676 1329 4760 sculptas
1365 4677 1405 4740 de
1439 4698 1488 4739 ar·

222 4792 319 4862 gento
343 4798 435 4860 puro.
