3428 5256
755 372 903 437 Ramnes.

296 583 375 645 ltem
400 583 537 646 Johnnni
563 584 683 647 Ffodnr
700 634 707 648 .
727 634 757 649 ..
781 586 839 649 sol.
864 584 900 648 le.

296 688 426 750 Matheo
450 689 661 752 curriductori
679 739 687 754 .
703 740 736 754 ..
759 691 817 754 sol.
843 691 881 754 le.

296 795 382 857 Luce
406 796 619 859 curriductori
636 845 644 859 .
660 845 691 860 ..
714 797 773 860 sol.
797 796 859 860 lll⁰.

298 901 459 984 Gregorio
483 904 695 966 corriductori
713 953 720 966 .
736 952 767 967 ..
798 905 856 967 sol.
882 903 929 968 110.

296 1011 374 1073 ltem
393 1012 505 1074 eadem
526 1013 577 1074 die
594 1012 634 1074 ad
648 1013 818 1074 sabbatum
828 1013 891 1075 emi
905 1013 1006 1094 pisces
1019 1013 1204 1076 domino...
1217 1013 1454 1076 soLLXXVlll.

294 1116 371 1179 ltem
397 1119 531 1180 sabbato
558 1134 631 1201 post
657 1118 774 1180 festum
801 1119 1008 1180 Ascensionis
1032 1118 1163 1181 Domini
1198 1118 1229 1181 in
1255 1119 1356 1181 Zredn
1380 1120 1456 1183 dedi

191 1222 334 1304 Georgio
353 1223 515 1307 Saffarych
539 1245 598 1306 pro
622 1225 730 1306 precio
754 1225 802 1287 sui
828 1225 904 1306 equi
921 1272 928 1287 .
944 1272 975 1288 ..
998 1225 1056 1287 sol.
1079 1223 1190 1288 Xllll.

691 1470 749 1531 Ad
774 1469 953 1554 Garygh.

300 1610 375 1673 ltem
402 1611 516 1673 eodem
543 1610 594 1672 die
619 1611 690 1673 misi
716 1612 854 1675 Iohanni
881 1613 986 1698 Sypelr
1004 1663 1010 1676 .
1027 1662 1058 1678 ..
1081 1615 1140 1678 sol.
1164 1615 1198 1679 l‘.

296 1716 434 1779 lohanni
460 1717 562 1800 Feyer
578 1765 585 1780 .
602 1766 634 1780 ..
664 1717 723 1780 sol.
748 1718 781 1796 1..

296 1823 433 1885 Famulo
458 1823 569 1885 Jacobi
595 1823 713 1885 Posoni
731 1873 738 1887 .
754 1872 785 1889 ..
810 1825 869 1888 sol.
895 1824 929 1887 L.

296 1930 433 1992 anulo
458 1928 590 2010 Georgii
616 1930 655 1991 de
680 1931 898 2014 Zenthkyrnly
916 1980 922 1994 .
941 1981 972 1994 ..
996 1931 1055 1994 sol.
1080 1932 1114 1994 L.

296 2037 374 2099 Item
399 2035 558 2118 Gregorio
583 2036 727 2098 Bradach
744 2038 856 2099 curiali
882 2038 1059 2100 charmensi
1084 2037 1232 2100 dedi...
1266 2037 1325 2100 sol.
1349 2035 1410 2099 1110.

297 2142 391 2205 Petro
409 2142 680 2225 Fegwergyartho
697 2143 770 2205 dedi
784 2144 824 2205 ad
842 2145 974 2206 servicia
992 2145 1067 2206 anni
1085 2144 1226 2226 preteriti
1245 2192 1251 2206 .
1268 2193 1275 2205 .
1292 2192 1299 2206 .
1315 2143 1373 2206 sol.
1392 2142 1454 2205 1110.

298 2249 528 2311 Bartholom'eo
552 2249 663 2330 pistori
689 2249 868 2312 chasmensi
895 2250 1042 2313 dedi...
1065 2250 1123 2312 sol.
1149 2251 1183 2314 L.

297 2373 375 2435 ltem
408 2372 447 2434 nd
480 2372 620 2454 quedam
653 2371 734 2434 iacta
766 2372 890 2435 domini
929 2372 987 2435 ieci
1021 2393 1127 2434 emere
1160 2393 1215 2455 per
1245 2373 1454 2436 Valentinum

190 2481 297 2564 Sypek
321 2480 419 2542 telam
436 2528 443 2543 .
462 2528 494 2542 ..
518 2479 576 2541 sol.
600 2479 730 2543 XXXV.

295 2585 354 2646 Per
378 2584 517 2646 eundem
541 2583 601 2645 leci
627 2604 733 2646 emere
758 2585 862 2647 linum
887 2604 944 2667 pro
969 2583 1031 2646 filis
1055 2600 1086 2647 et
1109 2583 1161 2647 fila
1178 2634 1185 2647 .
1201 2634 1233 2648 ..
1256 2585 1315 2647 sol.
1340 2584 1378 2647 X.

295 2709 374 2771 ltem
399 2730 416 2771 a
442 2708 522 2770 festo
547 2709 709 2770 Ambrosii
735 2710 773 2771 ad
800 2709 957 2791 parandas
985 2724 1073 2772 cutes
1096 2710 1273 2772 successive
1295 2710 1357 2771 emi
1383 2709 1451 2771 alu·

189 2836 265 2878 men
291 2817 331 2877 ab
365 2815 503 2898 Andrys,
522 2834 581 2897 pro
613 2834 679 2897 quo
710 2816 845 2878 sabbato
880 2829 952 2898 post
984 2814 1100 2878 festum
1132 2816 1339 2878 Ascensionis
1369 2815 1452 2877 solvi

190 2923 288 2986 ei...
312 2923 371 2985 sol.
395 2920 429 2984 lc.

678 3063 718 3124 ln
756 3062 968 3126 Gemlech.

293 3206 371 3268 lrem
396 3207 447 3267 die
471 3206 637 3267 dominico
670 3219 742 3286 post
773 3203 889 3268 festum
923 3207 1127 3268 Ascensionis
1154 3205 1248 3268 dedi:
1275 3206 1454 3269 Laurentio

192 3312 317 3375 Petheri
336 3361 386 3377 ...
410 3314 468 3374 sol.
495 3311 531 3390 1..

296 3437 458 3501 Clementi
485 3437 552 3499 Pali
571 3487 577 3503 .
595 3484 630 3503 ..
664 3439 722 3501 sol.
746 3437 780 3501 l‘.

296 3542 434 3605 lohanni
460 3542 653 3607 Felrethew.
671 3590 702 3608 ..
728 3545 786 3607 sol.
810 3544 844 3607 le.

295 3649 463 3711 Anthonio
488 3648 560 3730 Brnj
578 3697 586 3714 .
603 3698 636 3714 ..
660 3650 718 3713 sol.
743 3650 778 3713 L.

296 3757 383 3818 Luce
409 3755 572 3819 labro...
596 3756 655 3820 sol.
678 3756 806 3818 XXXll.

297 3880 375 3943 ltem
410 3879 485 3942 leria
526 3881 666 3943 secunda
701 3896 773 3964 post
815 3879 931 3943 festum
968 3881 1174 3943 Ascensionis
1207 3880 1338 3942 Domini
1378 3879 1453 3943 dedi

191 3987 355 4069 Stephano
382 3987 523 4048 Bradach
542 4036 549 4050 .
568 4036 599 4051 ..
624 3987 682 4050 sol.
707 3986 755 4050 ll‘.

297 4093 425 4154 Andree
449 4094 591 4156 tubiceni
609 4142 616 4158 .
634 4142 665 4157 ..
689 4094 749 4157 sol.
772 4092 820 4156 11⁰.

297 4218 374 4280 ltem
401 4216 478 4279 teria
496 4232 609 4300 quarta
633 4218 672 4279 ad
690 4218 829 4299 quedam
848 4216 928 4279 iacta
946 4217 1071 4277 domini
1089 4217 1159 4277 misi
1185 4215 1336 4277 dominos
1354 4216 1449 4277 Eme·

190 4324 291 4386 ricum
317 4338 347 4386 et
371 4324 637 4386 Bartholomeum
663 4323 837 4385 canonicos
868 4336 899 4385 et
922 4322 1092 4384 dominum
1119 4323 1286 4384 Simonem
1312 4324 1447 4405 preben-

190 4429 314 4491 darium
340 4429 717 4536 zagrabiensemlversus
733 4428 929 4506 Prodnwicz‚
947 4429 1064 4510 quibus
1092 4428 1131 4491 nd
1157 4448 1312 4512 expensas
1329 4428 1402 4489 dedi

189 4537 248 4601 sol.
274 4536 308 4600 1⁰.

297 4642 373 4704 ltem
399 4642 469 4725 cepi
495 4662 592 4704 unam
616 4642 740 4725 peciam
766 4641 805 4703 de
829 4641 969 4723 simplici
1001 4660 1110 4724 panno
1134 4640 1246 4702 viridis
1270 4639 1390 4701 coloris
1412 4640 1452 4700 ab

190 4747 331 4832 Andrys,
354 4768 413 4831 pro
437 4768 501 4832 qus
526 4746 601 4811 dedi
624 4749 728 4813 ei...
750 4748 810 4812 eol.
833 4747 912 4811 V0L.

295 4854 374 4920 item
399 4855 552 4939 magistro
577 4855 672 4919 Petro
695 4852 884 4918 fenestrario
908 4853 983 4918 dedi
1004 4853 1193 4918 iterum...
1218 4852 1276 4915 sol.
1300 4849 1360 4915 ll‘.

1336 4948 1357 4996 e
