3428 5256
828 1339 876 1419 X.

219 1553 355 1652 (Anno)
393 1552 503 1630 1513.
526 1552 763 1630 inventarium
784 1576 805 1627 a
825 1552 1009 1651 prebenda
1028 1552 1143 1627 sancti
1172 1549 1325 1627 Emerici
1356 1576 1482 1651 seque-

220 1688 384 1768 stratum,
409 1686 448 1753 et
469 1679 584 1754 eidem
605 1678 834 1779 prepositure
854 1700 933 1753 cum
952 1676 1119 1776 plebanio
1138 1699 1324 1766 annexum,
1344 1677 1389 1752 ad
1410 1701 1482 1753 ma·

219 1825 356 1902 nosque
373 1802 503 1877 domini
520 1800 694 1877 Demetrii
710 1801 886 1900 prepositi
903 1800 1062 1875 moderni
1078 1801 1222 1900 integre
1241 1801 1481 1899 assignatum.

325 2013 403 2074 Item
429 2013 534 2094 primo
560 2012 799 2092 manutergium
825 2030 935 2074 unum.

327 2118 469 2180 Scutelle
494 2118 601 2198 lignee
625 2138 690 2180 sex.

325 2224 444 2287 Caldar
468 2245 568 2286 unum
594 2244 758 2306 magnum.

326 2330 398 2392 Una
422 2330 545 2412 sponda
571 2331 610 2392 de
639 2331 738 2408 corio,
764 2332 857 2393 bona.

325 2436 400 2499 Olle
425 2438 538 2518 viginti
564 2438 718 2519 quinque.

325 2544 464 2625 Ligonea
489 2542 577 2606 duas.

323 2650 488 2732 Amphora
513 2669 576 2712 una
602 2651 634 2711 in
659 2649 786 2732 Cherye
817 2647 909 2711 facta.

325 2758 447 2819 Picaria
470 2757 530 2818 tria
554 2758 586 2818 in
612 2757 724 2819 eadem
750 2754 841 2819 iacta.

326 2864 421 2928 Urcei
447 2861 522 2924 duo.

327 2969 460 3031 Dolium
483 2987 583 3030 unum
608 2968 748 3030 caulium
773 2987 845 3030 cum
872 2968 1029 3030 caulibus.

324 3077 405 3138 Vasa
431 3089 516 3139 oct0.

326 3182 413 3244 Libri
439 3180 610 3241 duodecim
635 3199 732 3261 parve
757 3179 967 3261 inportancie.

323 3288 432 3352 Unum
460 3286 658 3348 Breviarium
684 3287 715 3346 in
741 3304 949 3367 pergameno.

323 3395 386 3455 Vas
409 3394 474 3453 vini
500 3412 600 3453 unum
626 3392 794 3453 continens
817 3392 953 3453 cubulos
977 3391 1075 3454 XLV.

324 3501 418 3562 Dolia
443 3519 559 3581 magna
583 3499 659 3560 duo.

321 3607 421 3669 Scaila
449 3608 479 3668 in
505 3625 601 3687 quum
628 3605 824 3686 colliguntur
847 3624 993 3687 sapones.

322 3712 500 3794 Capisteria
526 3711 602 3774 duo,

322 3817 435 3880 Cribra
460 3837 518 3898 pro
543 3815 644 3878 farina
669 3816 746 3894 duo,
771 3817 905 3878 tercium
930 3817 1086 3898 ligneum.

323 3923 496 3984 Vesculum
523 3941 622 3982 unum
649 3922 739 3985 aceti.

322 4028 545 4090 Terrebellum
576 4047 740 4110 magnum.

324 4134 468 4195 Securim
495 4152 602 4194 unam.

324 4239 518 4302 infusorium
543 4259 643 4301 unum
669 4239 767 4320 vulgo
792 4239 990 4320 lalcomycza.

217 4435 315 4496 ltenr
343 4434 636 4495 inventarium
670 4434 878 4493 bonorum
911 4432 1095 4493 ecclesie
1127 4434 1264 4493 sancti
1293 4432 1477 4492 Emerici

398 4540 442 4602 ad
477 4540 647 4601 eundern
683 4539 1000 4620 preposituram
1034 4539 1297 4601 translatum.

323 4665 400 4727 ltem
427 4664 533 4748 primo
557 4663 671 4724 calices
695 4662 761 4723 duo
785 4681 858 4723 cum
884 4664 1017 4744 patenis.

326 4770 516 4853 Corporalia
540 4769 599 4832 tria
624 4788 697 4830 cum
722 4767 933 4829 retentaculo.
