3428 5256
520 1379 647 1480 (Anno
676 1379 832 1468 Domini
858 1378 1254 1481 mococuxxxxfl.)

429 1653 523 1727 leria
553 1663 677 1745 quarta
707 1658 741 1726 in
771 1657 921 1744 profesto
951 1655 1207 1729 Purificocionis
1238 1658 1352 1728 llarie.

770 1822 811 1884 (1.
842 1810 1013 1887 februaris).

364 1947 441 2010 Item
467 1948 574 2010 relicta
592 1949 729 2010 condam
749 1948 903 2032 Stephani
921 1951 1085 2032 armipari,
1103 1951 1202 2012 Lucia
1220 1951 1351 2012 nomine
1370 1950 1410 2012 de
1430 1951 1524 2013 Polo·

257 2055 354 2132 swrit,
379 2074 463 2116 nunc
488 2075 564 2116 vero
589 2075 721 2117 consors
745 2056 902 2137 legittima
928 2053 1054 2140 providi
1080 2057 1137 2118 viri
1165 2057 1247 2119 Petri
1274 2058 1313 2117 de
1339 2057 1524 2136 Sthubicza,

258 2174 288 2222 et
310 2161 483 2222 Katheritta
509 2160 573 2222 filia
596 2162 672 2224 dicti
698 2161 852 2245 Stephani
877 2163 1038 2245 armipari‚
1077 2178 1274 2225 assumentes
1298 2164 1396 2225 iidem
1420 2165 1523 2226 eciam

258 2286 355 2328 omne
380 2286 461 2328 onus
486 2283 516 2329 et
539 2287 713 2348 gravamen
739 2268 853 2330 Vrsule
877 2270 997 2332 sororis
1024 2289 1080 2331 sue
1105 2270 1261 2350 legittime
1286 2269 1351 2331 filie
1376 2270 1525 2332 similiter

258 2373 370 2457 prelati
396 2374 562 2457 Stephani,
595 2375 758 2457 quandam
791 2376 926 2437 domum
959 2365 1099 2458 ipsarum
1137 2390 1293 2437 muratam
1327 2377 1423 2438 simul
1449 2396 1522 2438 cum

259 2479 361 2542 fundo
386 2494 416 2543 et
442 2479 598 2542 hedificiis
621 2494 686 2543 tarn
711 2482 830 2563 lapidei
860 2501 957 2563 quam
981 2482 1080 2563 lignei
1114 2482 1220 2563 operis
1245 2482 1325 2544 inibi
1350 2482 1467 2545 habitis
1493 2497 1524 2546 et

258 2587 448 2649 constructis
472 2588 502 2648 in
529 2586 612 2648 dicta
637 2587 768 2676 civitate.
797 2586 879 2649 inter
910 2587 1043 2649 domum
1078 2588 1216 2669 ligneam
1250 2601 1281 2649 et
1305 2587 1443 2649 fundum
1469 2589 1524 2650 he-

259 2693 371 2755 redum
396 2712 451 2754 seu
476 2712 695 2754 successorum
713 2694 850 2754 condam
869 2692 1036 2774 prudentis
1060 2708 1091 2755 et
1109 2693 1233 2755 honesti
1259 2693 1420 2756 Valentini
1445 2695 1524 2756 olim

259 2798 373 2880 judicis
397 2813 428 2861 et
452 2799 594 2860 concivis
619 2799 718 2861 nostri
738 2799 813 2861 dicti
838 2799 1015 2882 Saronych,
1039 2802 1079 2861 ab
1098 2820 1171 2878 una,
1188 2799 1339 2862 videlicet
1361 2809 1401 2862 ab
1418 2800 1524 2862 orien-

259 2906 314 2967 tali
340 2921 439 2988 parte,
464 2921 495 2968 et
521 2907 602 2966 inter
627 2905 792 2987 quoddam
818 2902 953 2966 fundum
986 2926 1124 2967 vacuum
1150 2921 1180 2966 et
1205 2906 1366 2968 desertum
1391 2926 1525 2968 venera·

260 3012 333 3073 bilis
357 3012 494 3074 condam
521 3012 645 3072 domini
671 3011 800 3073 Thorne
821 3013 974 3095 prepositi
1001 3011 1256 3093 Glogonczensis
1280 3013 1358 3073 olim
1383 3013 1526 3075 concivis

260 3119 372 3197 nostri,
396 3123 436 3180 ab
462 3119 572 3196 altera,
597 3118 747 3179 videlicet
781 3120 820 3179 ab
852 3119 1044 3180 occidentali
1077 3132 1165 3200 parte
1198 3119 1301 3196 sitam,
1328 3117 1468 3180 habitam
1494 3132 1526 3181 et

260 3226 461 3302 existentem,
494 3244 590 3286 unam
623 3224 780 3305 integram
813 3225 932 3285 curiam
965 3223 1005 3285 ad
1039 3244 1130 3285 usum
1165 3225 1248 3286 dicte
1273 3225 1410 3287 civitatis
1436 3225 1466 3286 in
1491 3245 1524 3286 se

261 3333 491 3408 continentem,
518 3330 692 3392 Benedicto
718 3329 808 3392 fabro
842 3330 965 3392 concivi
999 3345 1108 3392 nostro
1141 3350 1199 3412 pro
1225 3331 1336 3412 viginti
1362 3330 1431 3392 flor.
1456 3331 1524 3393 auri

260 3438 404 3500 vendidit
428 3453 458 3499 et
482 3436 618 3499 contulit
642 3436 708 3516 jure
734 3451 889 3520 perpetuo
914 3451 945 3499 et
966 3437 1217 3498 irrevocabiliter
1236 3436 1475 3519 possidendam,
1493 3451 1525 3500 et

260 3544 432 3628 superinde
459 3559 504 3605 est
528 3542 587 3604 sibi
614 3543 703 3604 litera
729 3544 787 3603 sub
812 3543 964 3624 pendenti
983 3543 1089 3624 sigillo
1107 3543 1347 3604 communitatis
1364 3556 1523 3606 emanata.

368 3652 468 3724 Quod
484 3651 560 3732 quia
577 3650 624 3710 vir
648 3649 802 3731 providus
820 3650 1026 3711 Sebastianus
1043 3650 1081 3710 de
1100 3650 1242 3727 Nandor,
1259 3649 1401 3711 concivis
1417 3662 1526 3711 noster

261 3758 407 3818 vendidit
432 3757 595 3839 quandam
621 3756 753 3817 domurn
780 3775 869 3817 suam
903 3757 1064 3837 lapideam
1097 3757 1192 3817 simul
1226 3776 1297 3818 cum
1333 3755 1467 3817 edificiis
1492 3757 1524 3817 in

261 3865 343 3925 dicta
369 3865 496 3925 civitate
523 3863 604 3925 inter
629 3863 761 3924 domum
787 3862 926 3941 ligneam
952 3883 1008 3924 seu
1034 3863 1167 3924 fundum
1194 3863 1348 3925 heredum
1374 3882 1430 3924 seu
1454 3881 1524 3924 suc·

261 3989 422 4032 cessurum
448 3969 586 4031 condam
620 3969 772 4050 Stephani
807 3968 920 4029 literati
957 3969 1183 4052 Tholmanych
1217 3971 1304 4046 dicri,
1329 3991 1345 4031 a
1372 3968 1524 4031 meridio-

262 4077 325 4138 nali
351 4093 449 4158 parte,
475 4090 505 4137 et
530 4076 611 4137 inter
636 4075 769 4136 domum
795 4075 956 4156 lapideam
982 4077 1130 4139 similiter
1153 4095 1372 4138 successorum
1397 4096 1453 4138 seu
1471 4075 1524 4137 he·

262 4183 375 4244 redum
400 4182 538 4243 condam
564 4181 713 4261 Gregorii
739 4180 886 4263 pellihcis
905 4182 1097 4243 Wrabchicz
1115 4182 1203 4260 dicti,
1228 4200 1245 4242 a
1270 4183 1524 4264 septemtrionali

262 4303 360 4373 parte,
385 4290 463 4350 olim
490 4289 672 4350 concivium
698 4302 955 4361 nostrorumst
987 4264 1141 4370 bpposito
1173 4307 1248 4349 vero
1273 4287 1368 4349 turris
1393 4288 1524 4350 ecclesie

262 4411 367 4457 nostre
393 4396 585 4477 parochialis
608 4395 706 4455 sancti
735 4395 831 4455 Marci
864 4394 1070 4476 ewangeliste
1104 4392 1244 4454 habitam
1271 4407 1301 4455 et
1325 4395 1524 4474 existentem,

262 4521 360 4564 unam
386 4502 417 4562 in
450 4515 520 4563 toto
554 4501 673 4562 curiam
707 4501 746 4561 ad
780 4519 871 4561 usum
905 4501 988 4562 dicte
1020 4499 1156 4562 civitatis
1180 4499 1212 4560 in
1236 4519 1269 4561 se
1294 4499 1525 4578 continentem,

263 4607 413 4671 Michaeli
438 4606 650 4693 Opprasnych
675 4627 711 4669 ac
736 4626 791 4689 per
823 4626 898 4669 eum
930 4607 995 4669 suis
1018 4605 1190 4669 heredibus
1223 4623 1280 4687 pro
1312 4604 1524 4688 quadraginta

263 4713 332 4780 flor.
357 4714 553 4777 vendidisset
577 4713 645 4796 jure
670 4727 827 4797 perpetuo
856 4727 888 4777 et
919 4711 1170 4777 irrevocabiliter
1200 4709 1449 4796 possidendam
1473 4711 1524 4777 cui

263 4820 339 4889 date
360 4835 408 4888 eet
430 4819 523 4886 litere
547 4819 766 4908 privilegialis.
