3428 5256
229 593 261 643 et
285 580 318 642 in
341 580 403 643 fine
428 581 531 664 prime
564 580 681 662 pagine
712 578 846 641 secundi
879 577 949 640 folii
981 577 1068 641 finit:
1107 578 1254 661 »adipem
1279 576 1424 640 tolebant
1455 578 1495 639 ab

229 686 500 771 oi(ferentibus)«,
526 687 612 749 etin
638 685 701 747 fine
725 685 799 747 libri
824 684 910 748 finit:
940 684 1103 747 >deferent
1127 685 1166 746 ad
1192 684 1375 747 cesarem«.

335 794 413 856 Item
438 794 527 856 uliud
553 812 653 854 unum
671 811 808 874 parvum
826 791 979 853 volumen
997 791 1102 852 simile
1120 811 1176 873 per
1192 791 1303 853 omnia
1326 791 1495 872 superiori,

231 918 327 982 super
351 919 437 962 novo
460 912 664 976 testamento,
682 912 713 960 et
737 897 849 981 incipit
864 916 937 959 cum
955 898 1065 978 nigro:
1086 897 1181 959 »Fuit
1196 910 1305 959 autem
1329 896 1361 958 in
1379 896 1495 958 diebus

232 1005 374 1068 Herodis
397 1006 512 1086 regis«,
538 1019 568 1066 et
593 1005 624 1065 in
650 1003 711 1065 line
737 1005 840 1085 prime
864 1005 981 1085 pagine
1013 1003 1144 1066 secundi
1178 1001 1248 1064 lolii
1273 1002 1359 1065 linit:
1387 1018 1438 1065 »et
1463 1017 1496 1064 ut

229 1112 403 1195 dyabolo«,
428 1125 459 1173 et
483 1112 515 1172 in
540 1109 602 1171 line
627 1110 701 1170 libri
727 1108 813 1171 linit:
842 1110 966 1172 »idest
995 1108 1295 1172 informacionem«

334 1219 411 1282 Item
437 1238 501 1280 una
525 1238 597 1300 pars
621 1217 753 1295 Bibilie,
777 1216 912 1298 glosata,
937 1217 976 1277 de
1008 1216 1169 1298 solempni
1193 1215 1284 1278 litera
1309 1235 1383 1279 cum
1405 1216 1495 1298 glosa

226 1340 257 1389 et
281 1341 379 1404 textu,
405 1345 467 1407 que
493 1325 624 1408 incipit:
653 1324 752 1385 »sicut
777 1322 896 1385 Paulus
920 1342 976 1404 per
1008 1323 1292 1402 revellaciooem«,
1317 1337 1348 1385 et
1374 1323 1405 1384 in
1430 1322 1493 1384 line

228 1433 331 1515 prime
356 1432 473 1515 pagine
499 1431 632 1492 secundi
665 1429 735 1491 lolii
768 1428 854 1491 finit:
891 1428 1134 1490 >recedentibus
1164 1429 1290 1510 aquis«,
1322 1442 1353 1489 et
1378 1429 1409 1489 in
1433 1426 1495 1489 fine

229 1540 302 1601 libri
329 1540 360 1601 in
386 1552 473 1600 textu
498 1535 586 1599 finit:
614 1536 684 1597 »hic
708 1536 768 1597 erit
800 1549 1040 1613 consumatus«,
1073 1548 1104 1596 et
1127 1535 1160 1595 in
1192 1534 1282 1616 glosa
1306 1533 1394 1597 finit:
1423 1555 1495 1617 »pa-

230 1646 305 1708 riter
326 1659 544 1727 mergantur«.
940 1648 943 1654 “

336 1751 413 1813 ltem
438 1770 521 1812 unus
545 1749 627 1810 alius
659 1747 740 1809 liber
772 1747 917 1809 eiusdem
950 1747 1144 1827 voluminis,
1176 1747 1334 1830 incipiens
1358 1767 1376 1808 a
1401 1747 1495 1809 Para-

232 1858 315 1920 bolis
339 1878 442 1939 usque
473 1857 590 1918 librum
624 1855 685 1916 lob
718 1853 885 1933 inclusive,
917 1869 948 1916 et
979 1853 1091 1937 incipit
1123 1855 1155 1916 iu
1186 1868 1292 1917 textu:
1320 1854 1496 1916 »Parabole

231 1964 447 2042 Salamonis«,
471 1977 502 2025 et
526 1963 557 2024 in
582 1961 644 2023 fine
669 1961 771 2044 prime
797 1961 912 2042 pagine
929 1960 1061 2022 secundi
1087 1959 1157 2022 folii
1183 1961 1214 2022 in
1240 1975 1345 2023 textu:
1373 1961 1425 2022 »in
1450 1974 1495 2021 ta·

230 2070 313 2134 bulis
337 2069 444 2131 cordis
467 2070 547 2146 tui«,
573 2082 603 2131 et
627 2069 659 2128 in
684 2065 747 2128 fine
780 2067 853 2128 libri
885 2066 954 2127 linit
990 2068 1021 2128 in
1055 2080 1160 2129 textu:
1190 2086 1301 2129 »senes
1325 2080 1355 2129 et
1380 2066 1496 2148 plenus

230 2177 390 2239 dierum«.

336 2283 413 2344 Item
440 2280 577 2344 Genesis
601 2284 674 2342 cu'm
698 2281 789 2361 glosa
813 2299 881 2358 sua,
906 2291 937 2339 et
961 2279 1074 2360 incipit
1105 2278 1137 2340 in
1162 2292 1251 2341 textu
1275 2293 1305 2340 et
1330 2279 1362 2340 in
1386 2278 1496 2360 glosa:

234 2390 287 2450 ›ln
311 2388 470 2471 principio
495 2388 614 2448 creavit
640 2387 753 2464 deus«,
777 2399 808 2447 et
842 2385 874 2446 in
899 2383 961 2446 fine
993 2384 1067 2445 libri
1099 2383 1169 2446 finit
1194 2385 1226 2446 iu
1250 2397 1355 2446 textu:
1384 2402 1496 2466 ›repo-

229 2496 308 2558 situs
333 2509 380 2556 est
404 2495 436 2555 in
461 2494 571 2555 loculo
597 2493 629 2554 in
655 2493 805 2575 Egipto«.

336 2601 415 2663 ltem
439 2601 529 2681 glose
555 2597 658 2659 fratris
681 2598 807 2659 Nicolai
833 2596 920 2658 Gore
938 2596 1025 2674 dicti,
1048 2615 1144 2678 super
1168 2595 1251 2657 libro
1270 2594 1496 2673 Ecclesiastici,

232 2721 263 2770 et
287 2707 416 2788 incipit:
445 2705 634 2787 ›Sapiencia
659 2703 819 2767 edificavit
842 2703 903 2765 sibi
929 2704 1097 2781 domum«,
1122 2715 1152 2762 et
1177 2702 1209 2763 in
1233 2700 1295 2763 line
1319 2702 1422 2785 prime
1440 2720 1495 2784 pa-

233 2815 308 2896 gine
332 2813 464 2875 secundi
490 2810 558 2873 folii
584 2810 670 2872 finit:
701 2810 775 2892 »qui
800 2824 847 2872 est
870 2810 922 2871 dei
941 2811 1040 2872 virtus
1057 2823 1088 2870 et
1112 2809 1163 2869 dei
1188 2808 1382 2891 sapiencia«,
1407 2808 1497 2870 etin

233 2921 295 2982 fine
320 2920 392 2982 libri
418 2919 450 2980 in
483 2932 571 2980 textu
603 2916 732 2979 finitur:
773 2916 823 2977 »in
856 2932 1000 2998 tempore
1032 2934 1100 2976 suo.
1133 2920 1271 2994 Amen«,
1296 2929 1327 2976 et
1351 2915 1383 2976 iu
1407 2914 1497 2996 glosa

233 3027 321 3089 finit:
349 3026 400 3087 ›in
425 3026 531 3087 secula
556 3023 750 3086 seculorum.
779 3027 915 3085 Amen«.

340 3133 417 3194 ltem
443 3131 657 3213 ewangelium
684 3131 769 3192 Luce
794 3149 867 3191 curn
891 3130 993 3209 glosa,
1018 3142 1048 3189 et
1065 3128 1177 3210 incipit
1202 3129 1232 3190 in
1258 3142 1363 3191 textu:
1384 3129 1497 3190 »Multi

234 3240 339 3301 conati
365 3253 439 3300 sunt
462 3238 645 3316 ordinare«,
663 3252 693 3298 et
718 3237 748 3297 in
768 3235 829 3296 fine
855 3236 927 3297 libri
953 3234 1022 3296 finit
1041 3236 1072 3296 in
1090 3249 1195 3298 textu:
1217 3236 1375 3318 »Explicit
1392 3255 1497 3297 ewan-

233 3345 355 3426 gelium
381 3344 558 3406 secundum
586 3345 736 3405 Lucam«

260 3532 262 3537 .
340 3450 417 3511 ltem
444 3449 651 3511 Ecclesiastes
681 3450 846 3531 glosatus,
878 3448 918 3509 de
949 3447 1061 3529 pulcro
1092 3448 1270 3526 volumine,
1304 3463 1335 3509 et
1368 3448 1497 3530 incipit:

238 3557 362 3617 »Verba
389 3556 596 3617 Ecclesiastes
620 3554 676 3617 filii
713 3555 849 3632 David«,
882 3569 913 3616 et
941 3555 972 3616 in
1004 3553 1066 3616 fine
1099 3555 1201 3636 prime
1227 3556 1342 3637 pagine
1366 3556 1498 3617 secundi

235 3662 305 3725 folii
330 3662 416 3725 linit:
447 3664 496 3723 »in
514 3664 668 3746 scripture
685 3662 866 3744 potenciam
885 3663 1116 3741 assignamus«,
1134 3677 1164 3723 et
1182 3663 1212 3723 in
1231 3659 1294 3724 fine
1318 3662 1391 3724 libri
1409 3660 1497 3724 finit:

237 3790 315 3851 >per
339 3771 447 3830 omnia
472 3770 579 3831 secula
604 3768 798 3831 seculorum.
825 3774 959 3831 Amen«

343 3878 419 3938 ltem
445 3893 548 3938 textus
574 3877 843 3959 Paralipomenon
881 3859 1008 3938 et⁶cum
1038 3879 1132 3939 certis
1163 3878 1234 3939 aliis
1258 3877 1347 3939 libris
1372 3876 1499 3955 Bibilie,

237 3984 268 4044 in
296 4003 413 4063 magno
438 3985 615 4060 volumine,
641 3985 762 4045 habens
786 3983 851 4044 duo
877 3983 954 4045 lolia
973 3986 1074 4066 prima
1100 3999 1248 4066 corrupta
1273 3985 1304 4045 in
1330 3983 1498 4065 principio,

237 4104 268 4152 et
294 4090 325 4150 in
351 4091 510 4172 principio
536 4091 623 4152 tercii
650 4089 719 4151 lolii
746 4090 875 4170 incipit:
903 4090 960 4150 »de
978 4090 1090 4152 Ffadia
1116 4092 1176 4152 orti
1201 4104 1307 4166 sunt«,
1332 4104 1363 4152 et
1388 4091 1418 4150 in
1436 4088 1498 4151 fine

237 4196 309 4258 libri
335 4195 421 4258 finit:
450 4199 624 4279 »permissu
651 4197 857 4259 Pharaonis«.

343 4303 421 4363 ltem
447 4304 599 4385 parabole
618 4302 800 4364 Salamonis
825 4322 897 4363 cum
918 4317 1068 4363 tomento
1089 4322 1159 4380 suo,
1183 4316 1214 4363 et
1231 4304 1358 4385 incipit:
1380 4303 1500 4363 »tribus

236 4409 424 4469 nominibus
456 4423 604 4470 vocatum
638 4406 734 4469 fuisse
769 4409 1007 4485 Salamonem«‚
1044 4424 1073 4470 et
1107 4410 1137 4469 in
1170 4408 1232 4470 line
1257 4410 1358 4491 prime
1383 4409 1498 4492 pagine

236 4516 369 4578 secundi
396 4514 464 4576 lolii
490 4513 576 4576 finit:
606 4535 687 4575 »non
707 4515 806 4592 novit,
824 4531 979 4595 quanto«,
1005 4530 1036 4576 et
1061 4517 1092 4576 in
1110 4515 1170 4577 fine
1188 4517 1262 4578 libri
1280 4516 1364 4580 linit:
1387 4517 1500 4578 »tellus

237 4635 283 4683 est
308 4619 416 4699 fracta,
440 4622 589 4703 peribit«.

344 4726 423 4789 Item
448 4727 529 4789 liber
553 4727 608 4808 qui
634 4727 830 4809 appellatur:
864 4726 1048 4789 Concordia
1081 4729 1334 4810 ewangeliorum
1358 4729 1498 4811 Zakarye

237 4831 469 4917 Criaopolithe,
494 4846 525 4897 et
549 4833 660 4916 incipit
685 4834 716 4895 in
738 4846 826 4896 textu
850 4834 890 4896 de
914 4833 1108 4898 excellencia
1126 4835 1307 4920 euangelii,
1331 4849 1362 4896 et
1387 4834 1418 4896 in
1436 4832 1498 4896 fine
