3428 5256
228 306 286 368 106
751 308 837 365 Anno
860 318 950 385 1519.

222 539 360 599 sequens
384 519 541 581 universis
565 518 712 602 plebanis
728 518 812 581 dicte
837 519 971 581 ecclesie
996 532 1103 581 nostre
1120 538 1178 601 pro
1202 531 1355 601 perpetua
1372 518 1494 585 missa:

224 625 427 704 Humiliavit,
452 645 550 706 quam
575 625 775 686 honorabilis
795 625 947 686 dominus
964 624 1090 686 Blasius
1114 626 1272 707 plebanus
1288 640 1395 687 noster
1419 643 1495 686 mo·

223 731 342 792 dernus
366 732 396 792 in
423 751 538 814 magna
564 751 616 792 ara
642 730 781 792 indicta
810 731 944 792 ecclesia
978 745 1086 792 nostra
1111 731 1211 792 sancti
1237 730 1335 791 Marci
1359 748 1494 812 semper

145 828 148 834 ⁴
224 835 310 897 feriis
334 838 429 899 sextis
453 837 629 898 solenniter
646 836 807 897 cantando
833 836 990 917 usquead
1016 836 1237 899 elevacionem
1254 836 1350 898 misse
1373 851 1493 917 sponte

223 957 253 1003 et
278 944 426 1004 benivole
451 944 612 1004 celebrare
637 942 806 1024 assumpsit
831 955 861 1004 et
885 943 1033 1024 promisit
1061 942 1228 1004 onerando
1253 941 1491 1004 conscienciam

222 1069 312 1110 suam
338 1065 368 1110 ct
391 1050 538 1111 omnium
564 1068 782 1110 successorum
808 1068 952 1127 suorum,
977 1062 1073 1130 atque
1103 1048 1213 1109 omnia
1237 1048 1431 1131 peragenda,
1455 1070 1493 1111 se

223 1170 253 1217 et
277 1176 352 1217 suos
376 1175 574 1217 successores
599 1174 699 1236 usque
724 1155 764 1216 ad
789 1153 885 1216 finem
905 1153 1017 1215 mundi
1039 1155 1108 1215 sine
1134 1154 1371 1217 intermissione
1396 1154 1493 1217 dictis

223 1260 310 1323 feriis
333 1263 430 1325 sextis
455 1282 527 1324 cum
553 1261 696 1322 collectis
720 1261 751 1321 in
771 1261 890 1321 missali
917 1261 1031 1321 maiori
1050 1261 1248 1343 conscriptis,
1269 1280 1376 1323 coram
1395 1262 1493 1323 nobis

223 1368 396 1449 obligavit;
421 1368 554 1428 domum
581 1381 688 1428 autem
710 1366 914 1448 plebanalem
932 1366 1099 1447 antiquam
1117 1380 1148 1429 et
1165 1379 1305 1428 veterem
1329 1366 1369 1429 de
1393 1367 1493 1449 lignis

223 1472 402 1536 edificatam
420 1490 450 1535 et
468 1474 557 1555 quasi
576 1475 741 1534 ruinosam
759 1474 813 1534 ubi
831 1473 960 1555 plebani
978 1491 1106 1554 semper
1130 1472 1161 1533 in
1187 1471 1366 1534 edificanda
1384 1472 1490 1536 domo

222 1580 384 1663 plebanali
409 1582 452 1641 ob
477 1580 698 1642 continuinam
732 1579 858 1640 ruinam
891 1578 931 1641 de
963 1578 1059 1658 lignis
1091 1576 1182 1657 facte,
1216 1579 1492 1662 de'proventibus

222 1687 287 1746 suis
311 1686 449 1767 propriis
473 1687 574 1747 multa
591 1705 750 1767 exponere
773 1686 972 1765 cogebantur
990 1699 1021 1745 et
1045 1683 1203 1762 solebant,
1228 1685 1431 1767 eandemque
1447 1687 1491 1748 ad

223 1793 316 1855 civile
341 1793 557 1854 convertimus
581 1806 612 1853 et
636 1790 766 1873 prefatis
791 1792 924 1852 domino
954 1791 1107 1872 episcopo
1133 1803 1163 1852 et
1188 1791 1337 1853 Emerico
1361 1791 1491 1854 literato

222 1900 361 1960 vendere
386 1901 558 1960 annuimus
576 1914 605 1959 et
631 1899 857 1976 concessimus,
875 1896 1100 1978 cuiusquidem
1122 1897 1265 1959 valorem
1290 1912 1321 1959 et
1343 1897 1489 1980 precium

222 2005 261 2067 ad
287 2024 400 2066 manus
424 2003 538 2089 prefati
564 2005 688 2066 domini
714 2005 811 2066 Blasii
836 2003 965 2086 plebani
995 2003 1095 2064 nostri
1119 2002 1267 2065 moderni
1292 2021 1350 2085 pro
1374 2003 1489 2065 inven-

222 2112 303 2173 tario
327 2111 382 2172 tali
407 2114 465 2173 sub
489 2111 692 2189 condicione,
717 2125 752 2172 ut
776 2111 843 2191 ipse
868 2110 1020 2170 dominus
1044 2109 1203 2191 plebanus
1231 2110 1367 2170 eandem
1392 2129 1489 2192 pecu·

224 2218 311 2278 niam
337 2232 391 2279 aut
416 2217 502 2299 apud
527 2237 559 2277 se
585 2232 691 2278 teneat
715 2231 834 2278 etcum
861 2216 973 2277 eadem
991 2234 1049 2297 pro
1067 2216 1254 2278 necessitate
1270 2236 1326 2277 sua
1351 2216 1490 2297 aquirat,

223 2338 277 2384 aut
301 2323 396 2384 alicui
423 2325 509 2384 bono
535 2324 603 2384 viro
628 2325 752 2385 concivi
779 2337 888 2384 nostro
913 2343 950 2382 ex
979 2340 1076 2382 censu
1101 2321 1232 2382 annuali
1257 2323 1379 2403 absque
1403 2322 1489 2404 peri·

221 2431 295 2490 culo
320 2430 419 2511 ipsius
444 2430 579 2510 pecunie
605 2430 657 2490 det
672 2446 702 2490 et
726 2430 866 2509 assignet
892 2430 946 2505 ita,
970 2426 1060 2508 quod
1077 2447 1203 2509 semper
1228 2428 1364 2490 eandem
1389 2446 1489 2510 pecu·

222 2537 308 2597 niam
333 2537 364 2596 in
390 2550 500 2618 parato
528 2538 577 2596 vel
603 2537 634 2596 in
661 2537 753 2597 bonis
777 2537 842 2596 suis
876 2536 1015 2616 propriis
1039 2535 1290 2616 equivalentem,
1316 2535 1348 2594 in
1375 2535 1491 2597 mortis

222 2643 357 2704 articulo
382 2657 436 2703 aut
460 2642 538 2702 alias
562 2643 840 2723 qualitercumque
877 2641 1034 2702 moderno
1067 2642 1207 2723 plebano
1232 2654 1342 2701 nostro
1367 2655 1398 2702 et
1422 2641 1490 2702 suis

223 2750 460 2810 successoribus
485 2750 692 2829 plcbanatutn
719 2747 880 2808 dimittere
898 2748 1110 2827 contingeret,
1135 2762 1250 2808 extunc
1274 2766 1402 2827 semper
1418 2765 1489 2809 suc·

222 2856 339 2917 cessori
364 2877 423 2917 suo
447 2855 601 2936 prefatam
632 2874 791 2916 summam
824 2854 959 2935 pecunie
992 2854 1152 2914 dimittere
1184 2853 1345 2914 tenebitur
1371 2854 1486 2916 eterit

222 2963 384 3042 obligatus
408 2963 566 3042 sicutique
590 2982 702 3022 omnes
727 2980 924 3021 successores
955 2962 1003 3020 sui
1029 2961 1191 3042 perpetuis
1215 2957 1331 3021 futuris
1354 2974 1481 3042 tempo·

224 3070 310 3130 ribus
335 3070 529 3129 tenebuntur
554 3082 584 3129 et
609 3083 702 3128 erunt
733 3068 878 3147 obligati.
913 3066 1044 3146 Insuper
1076 3066 1227 3127 volumus
1252 3081 1282 3127 et
1312 3067 1344 3127 id
1368 3067 1484 3129 annui·

223 3195 294 3236 mus
318 3177 405 3256 quod
431 3195 556 3255 semper
582 3175 746 3235 annuatim
772 3193 898 3254 semper
930 3172 1126 3233 visitacionis
1150 3172 1364 3254 plebanorum
1390 3193 1489 3236 vene·

223 3282 332 3342 rabilis
357 3282 508 3342 dominus
532 3281 777 3341 archidiaconus
798 3279 991 3340 kathedralis
1009 3293 1116 3339 noster
1140 3278 1217 3341 dum
1243 3280 1409 3341 ecclesiam
1429 3299 1488 3343 no·

221 3404 316 3449 stram
343 3388 559 3470 parochialem
587 3403 617 3448 et
641 3388 816 3469 plebanum
840 3387 946 3466 gracia
965 3385 1114 3446 visitandi
1133 3386 1267 3464 venerit,
1291 3400 1366 3448 tunc
1391 3405 1487 3449 vene·

222 3496 362 3556 rabilitas
386 3514 442 3554 sua
468 3495 607 3574 inquirat
632 3494 671 3554 de
697 3492 917 3554 celebracione
950 3493 1063 3552 misse:
1090 3492 1294 3571 Humiliavit,
1319 3506 1349 3555 et
1374 3493 1412 3553 de
1439 3493 1486 3554 in·

221 3603 365 3662 ventario
397 3600 517 3682 prefate
550 3601 685 3681 pecunie
718 3600 823 3660 eidem
856 3599 990 3659 domino
1024 3598 1164 3679 plebano
1197 3599 1370 3678 assignato,
1406 3600 1486 3661 etsi

221 3709 338 3789 aliquis
363 3706 504 3768 defectus
530 3706 794 3782 committeretur,
819 3706 1044 3766 venerabilitas
1072 3726 1128 3766 sua
1153 3725 1212 3787 pro
1237 3720 1312 3767 voto
1338 3720 1368 3767 et
1392 3706 1487 3768 libito

220 3835 278 3876 suo
304 3815 453 3875 emendet
479 3829 508 3873 et
533 3828 664 3893 arguat;
691 3827 832 3892 preterea
857 3826 1002 3892 tempore
1026 3812 1215 3873 collacionis
1240 3825 1270 3872 et
1295 3811 1486 3873 donacionis

221 3921 369 4002 plebanie
394 3936 511 3997 nostre,
537 3920 640 3979 eidem
666 3919 807 4000 plebano
836 3933 945 3980 nostro
979 3940 1034 4001 per
1060 3939 1118 3980 nos
1151 3934 1181 3979 et
1205 3939 1404 3980 successores
1428 3938 1485 3982 no·

220 4043 301 4088 stros
319 4029 394 4087 dum
423 4028 569 4105 eligetur,
584 4027 696 4086 missa:
716 4025 918 4103 Humiliavit,
933 4046 1004 4087 cum
1020 4027 1090 4087 aliis
1108 4025 1211 4086 missis
1229 4026 1344 4086 nostris
1361 4044 1488 4107 semper

221 4133 413 4195 enodabitur
444 4149 473 4193 et
506 4130 763 4192 manifestabitur
796 4132 997 4193 celebranda.
1032 4133 1098 4193 Nos
1131 4132 1238 4212 itaque
1271 4133 1489 4193 communitas

221 4239 341 4319 prefata
367 4240 590 4300 universorum
610 4239 727 4298 civium
747 4239 882 4299 civitatis
901 4239 1040 4320 predicte
1063 4238 1095 4299 in
1114 4238 1230 4299 nostris
1254 4251 1284 4297 et
1308 4239 1486 4300 multorum

220 4366 438 4406 successorum
465 4362 647 4406 nostrorum
674 4346 817 4426 perpetui
843 4344 940 4406 futuri
958 4345 1114 4426 temporis
1137 4343 1230 4405 nobis
1247 4343 1400 4405 continue
1417 4364 1488 4405 suc·

221 4452 407 4512 cedentibus
433 4452 577 4532 personis
602 4452 818 4532 peticionibus
837 4452 978 4534 ipsorum
998 4449 1166 4512 reverendi
1191 4449 1315 4510 domini
1341 4451 1487 4532 episcopi

223 4558 431 4619 llosoniensis
456 4574 514 4619 etc.
549 4572 578 4618 ct
605 4558 740 4618 Emerici
775 4559 892 4619 literati
925 4556 1182 4637 supradictorum
1217 4556 1382 4637 porrectis,
1407 4571 1489 4619 tam·

220 4684 316 4745 quam
343 4664 432 4742 justis
457 4665 583 4745 jurique
608 4663 759 4725 consonis
784 4679 815 4726 et
839 4662 990 4744 congruis
1013 4674 1045 4724 et
1061 4661 1229 4740 exauditis,
1254 4661 1417 4743 digneque
1436 4681 1486 4724 ac·

225 4773 337 4854 ceptis,
360 4770 517 4854 prefatam
542 4772 677 4833 domurn
702 4787 860 4834 muratam
892 4788 966 4833 cum
990 4769 1112 4833 cunctis
1142 4768 1209 4832 suia
1231 4769 1425 4833 utilitatibus
1447 4768 1489 4831 ad
