<?xml version="1.0" encoding="UTF-8"?>
<!DOCTYPE html PUBLIC "-//W3C//DTD XHTML 1.0 Transitional//EN"
    "http://www.w3.org/TR/xhtml1/DTD/xhtml1-transitional.dtd">
<html xmlns="http://www.w3.org/1999/xhtml" xml:lang="en" lang="en">
 <head>
  <title>
</title>
<meta http-equiv="Content-Type" content="text/html;charset=utf-8" />
  <meta name='ocr-system' content='tesseract 3.04.00' />
  <meta name='ocr-capabilities' content='ocr_page ocr_carea ocr_par ocr_line ocrx_word'/>
</head>
<body>
  <div class='ocr_page' id='page_1' title='image "./monumentahistor02laszgoog_0349.png"; bbox 0 0 3428 5256; ppageno 0'>
   <div class='ocr_carea' id='block_1_1' title="bbox 784 265 934 328">
    <p class='ocr_par' dir='ltr' id='par_1_1' title="bbox 784 265 934 328">
     <span class='ocr_line' id='line_1_1' title="bbox 784 265 934 328; baseline 0.013 -2"><span class='ocrx_word' id='word_1_1' title='bbox 784 265 934 328; x_wconf 79' lang='lat' dir='ltr'><em>Rationes.</em></span> 
     </span>
    </p>
   </div>
   <div class='ocr_carea' id='block_1_2' title="bbox 816 482 907 560">
    <p class='ocr_par' dir='ltr' id='par_1_2' title="bbox 816 482 907 560">
     <span class='ocr_line' id='line_1_2' title="bbox 816 482 907 560; baseline 0.022 -19"><span class='ocrx_word' id='word_1_2' title='bbox 816 482 907 560; x_wconf 78' lang='lat'>1508.</span> 
     </span>
    </p>
   </div>
   <div class='ocr_carea' id='block_1_3' title="bbox 227 602 1522 1852">
    <p class='ocr_par' dir='ltr' id='par_1_3' title="bbox 229 602 1522 1007">
     <span class='ocr_line' id='line_1_3' title="bbox 337 602 1522 686; baseline -0.004 -17"><span class='ocrx_word' id='word_1_3' title='bbox 337 606 488 669; x_wconf 91' lang='lat' dir='ltr'><strong>Secundo</strong></span> <span class='ocrx_word' id='word_1_4' title='bbox 520 606 572 667; x_wconf 89' lang='lat' dir='ltr'><strong>die</strong></span> <span class='ocrx_word' id='word_1_5' title='bbox 604 604 675 667; x_wconf 85' lang='lat' dir='ltr'><strong>festi</strong></span> <span class='ocrx_word' id='word_1_6' title='bbox 711 604 795 665; x_wconf 90' lang='lat' dir='ltr'><strong>beati</strong></span> <span class='ocrx_word' id='word_1_7' title='bbox 828 603 950 666; x_wconf 90' lang='lat' dir='ltr'><strong>Vrbani</strong></span> <span class='ocrx_word' id='word_1_8' title='bbox 980 623 1061 686; x_wconf 91' lang='lat' dir='ltr'><strong>pape</strong></span> <span class='ocrx_word' id='word_1_9' title='bbox 1093 602 1246 665; x_wconf 89' lang='lat' dir='ltr'><strong>dominus</strong></span> <span class='ocrx_word' id='word_1_10' title='bbox 1271 604 1522 666; x_wconf 85' lang='lat' dir='ltr'><strong>Kamarcensis</strong></span> 
     </span>
     <span class='ocr_line' id='line_1_4' title="bbox 230 710 1518 793; baseline 0 -22"><span class='ocrx_word' id='word_1_11' title='bbox 230 713 318 773; x_wconf 86' lang='lat' dir='ltr'><strong>dedit</strong></span> <span class='ocrx_word' id='word_1_12' title='bbox 344 713 505 774; x_wconf 82' lang='lat' dir='ltr'>racionem</span> <span class='ocrx_word' id='word_1_13' title='bbox 530 711 569 772; x_wconf 90' lang='lat' dir='ltr'><strong>de</strong></span> <span class='ocrx_word' id='word_1_14' title='bbox 595 711 767 793; x_wconf 82' lang='lat' dir='ltr'><strong>premissis,</strong></span> <span class='ocrx_word' id='word_1_15' title='bbox 793 725 825 772; x_wconf 91' lang='lat' dir='ltr'><strong>et</strong></span> <span class='ocrx_word' id='word_1_16' title='bbox 848 710 1023 772; x_wconf 91' lang='lat' dir='ltr'><strong>concordat</strong></span> <span class='ocrx_word' id='word_1_17' title='bbox 1040 711 1208 792; x_wconf 80' lang='lat' dir='ltr'><strong>registrum</strong></span> <span class='ocrx_word' id='word_1_18' title='bbox 1233 728 1332 771; x_wconf 88' lang='lat' dir='ltr'><strong>suurn</strong></span> <span class='ocrx_word' id='word_1_19' title='bbox 1361 710 1396 772; x_wconf 91' lang='lat' dir='ltr'><strong>in</strong></span> <span class='ocrx_word' id='word_1_20' title='bbox 1426 711 1518 772; x_wconf 86' lang='lat' dir='ltr'><strong>exitu</strong></span> 
     </span>
     <span class='ocr_line' id='line_1_5' title="bbox 230 815 1517 900; baseline -0.002 -20"><span class='ocrx_word' id='word_1_21' title='bbox 230 835 260 880; x_wconf 87' lang='lat' dir='ltr'><strong>et</strong></span> <span class='ocrx_word' id='word_1_22' title='bbox 287 819 411 897; x_wconf 85' lang='lat' dir='ltr'><strong>intrata,</strong></span> <span class='ocrx_word' id='word_1_23' title='bbox 436 839 530 900; x_wconf 89' lang='lat' dir='ltr'><strong>super</strong></span> <span class='ocrx_word' id='word_1_24' title='bbox 558 838 623 898; x_wconf 88' lang='lat' dir='ltr'><strong>quo</strong></span> <span class='ocrx_word' id='word_1_25' title='bbox 654 817 796 878; x_wconf 88' lang='lat' dir='ltr'><strong>redditus</strong></span> <span class='ocrx_word' id='word_1_26' title='bbox 812 830 859 879; x_wconf 91' lang='lat' dir='ltr'><strong>est</strong></span> <span class='ocrx_word' id='word_1_27' title='bbox 882 818 1003 898; x_wconf 89' lang='lat' dir='ltr'><strong>quittus</strong></span> <span class='ocrx_word' id='word_1_28' title='bbox 1020 832 1051 878; x_wconf 91' lang='lat' dir='ltr'><strong>et</strong></span> <span class='ocrx_word' id='word_1_29' title='bbox 1067 816 1233 899; x_wconf 84' lang='lat' dir='ltr'><strong>expeditus</strong></span> <span class='ocrx_word' id='word_1_30' title='bbox 1250 815 1291 878; x_wconf 88' lang='lat' dir='ltr'><strong>de</strong></span> <span class='ocrx_word' id='word_1_31' title='bbox 1318 817 1517 899; x_wconf 85' lang='lat' dir='ltr'><strong>premissis;</strong></span> 
     </span>
     <span class='ocr_line' id='line_1_6' title="bbox 229 920 1515 1007; baseline 0.001 -22"><span class='ocrx_word' id='word_1_32' title='bbox 229 925 368 1007; x_wconf 85' lang='lat' dir='ltr'><strong>exceptis</strong></span> <span class='ocrx_word' id='word_1_33' title='bbox 393 925 462 989; x_wconf 87' lang='lat' dir='ltr'><strong>flor.</strong></span> <span class='ocrx_word' id='word_1_34' title='bbox 487 925 743 1006; x_wconf 89' lang='lat' dir='ltr'><strong>quatuordecim,</strong></span> <span class='ocrx_word' id='word_1_35' title='bbox 768 924 823 1005; x_wconf 90' lang='lat' dir='ltr'><strong>qui</strong></span> <span class='ocrx_word' id='word_1_36' title='bbox 842 938 1063 986; x_wconf 90' lang='lat' dir='ltr'><strong>remanserunt</strong></span> <span class='ocrx_word' id='word_1_37' title='bbox 1080 923 1165 1006; x_wconf 91' lang='lat' dir='ltr'><strong>apud</strong></span> <span class='ocrx_word' id='word_1_38' title='bbox 1183 942 1257 984; x_wconf 91' lang='lat' dir='ltr'><strong>eum</strong></span> <span class='ocrx_word' id='word_1_39' title='bbox 1282 937 1316 984; x_wconf 89' lang='lat' dir='ltr'><strong>et</strong></span> <span class='ocrx_word' id='word_1_40' title='bbox 1343 920 1432 986; x_wconf 91' lang='lat' dir='ltr'><strong>Xllll</strong></span> <span class='ocrx_word' id='word_1_41' title='bbox 1451 924 1515 986; x_wconf 86' lang='lat' dir='ltr'><strong>sol.</strong></span> 
     </span>
    </p>

    <p class='ocr_par' dir='ltr' id='par_1_4' title="bbox 228 1029 1511 1221">
     <span class='ocr_line' id='line_1_7' title="bbox 335 1029 1507 1093; baseline -0.001 -1"><span class='ocrx_word' id='word_1_42' title='bbox 335 1032 457 1093; x_wconf 90' lang='lat' dir='ltr'><strong>Eodem</strong></span> <span class='ocrx_word' id='word_1_43' title='bbox 483 1031 533 1092; x_wconf 91' lang='lat' dir='ltr'><strong>die</strong></span> <span class='ocrx_word' id='word_1_44' title='bbox 559 1031 622 1093; x_wconf 89' lang='lat' dir='ltr'><strong>dati</strong></span> <span class='ocrx_word' id='word_1_45' title='bbox 648 1045 721 1091; x_wconf 91' lang='lat' dir='ltr'><strong>sunt</strong></span> <span class='ocrx_word' id='word_1_46' title='bbox 743 1031 804 1091; x_wconf 86' lang='lat' dir='ltr'><strong>sibi</strong></span> <span class='ocrx_word' id='word_1_47' title='bbox 829 1029 896 1092; x_wconf 89' lang='lat' dir='ltr'><strong>flor.</strong></span> <span class='ocrx_word' id='word_1_48' title='bbox 920 1030 1050 1091; x_wconf 90' lang='lat' dir='ltr'><strong>ducenti</strong></span> <span class='ocrx_word' id='word_1_49' title='bbox 1071 1030 1110 1090; x_wconf 92' lang='lat' dir='ltr'><strong>de</strong></span> <span class='ocrx_word' id='word_1_50' title='bbox 1133 1041 1329 1092; x_wconf 88' lang='lat' dir='ltr'><strong>testamento</strong></span> <span class='ocrx_word' id='word_1_51' title='bbox 1356 1029 1507 1092; x_wconf 87' lang='lat' dir='ltr'><strong>condam</strong></span> 
     </span>
     <span class='ocr_line' id='line_1_8' title="bbox 228 1136 1511 1221; baseline 0.003 -24"><span class='ocrx_word' id='word_1_52' title='bbox 228 1137 352 1198; x_wconf 90' lang='lat' dir='ltr'><strong>domini</strong></span> <span class='ocrx_word' id='word_1_53' title='bbox 378 1136 516 1198; x_wconf 71' lang='lat' dir='ltr'><strong>,iohanni</strong></span> <span class='ocrx_word' id='word_1_54' title='bbox 543 1136 739 1199; x_wconf 89' lang='lat' dir='ltr'><strong>Goricensis.</strong></span> <span class='ocrx_word' id='word_1_55' title='bbox 984 1136 1165 1218; x_wconf 80' lang='lat' dir='ltr'><strong>Stephanus</strong></span> <span class='ocrx_word' id='word_1_56' title='bbox 1189 1136 1290 1198; x_wconf 91' lang='lat' dir='ltr'><strong>lector</strong></span> <span class='ocrx_word' id='word_1_57' title='bbox 1314 1150 1376 1201; x_wconf 89' lang='lat' dir='ltr'><strong>etc.</strong></span> <span class='ocrx_word' id='word_1_58' title='bbox 1403 1156 1452 1199; x_wconf 87' lang='lat' dir='ltr'><strong>m.</strong></span> <span class='ocrx_word' id='word_1_59' title='bbox 1479 1158 1511 1221; x_wconf 88' lang='lat' dir='ltr'><strong>p.</strong></span> 
     </span>
    </p>

    <p class='ocr_par' dir='ltr' id='par_1_5' title="bbox 231 1242 1506 1430">
     <span class='ocr_line' id='line_1_9' title="bbox 335 1242 1506 1325; baseline 0.001 -22"><span class='ocrx_word' id='word_1_60' title='bbox 335 1243 374 1305; x_wconf 87' lang='lat' dir='ltr'><strong>Et</strong></span> <span class='ocrx_word' id='word_1_61' title='bbox 399 1244 513 1305; x_wconf 87' lang='lat' dir='ltr'><strong>iterum</strong></span> <span class='ocrx_word' id='word_1_62' title='bbox 540 1244 608 1306; x_wconf 88' lang='lat' dir='ltr'><strong>llor.</strong></span> <span class='ocrx_word' id='word_1_63' title='bbox 640 1244 785 1324; x_wconf 89' lang='lat' dir='ltr'><strong>quinque</strong></span> <span class='ocrx_word' id='word_1_64' title='bbox 818 1242 856 1302; x_wconf 92' lang='lat' dir='ltr'><strong>de</strong></span> <span class='ocrx_word' id='word_1_65' title='bbox 889 1242 1003 1303; x_wconf 90' lang='lat' dir='ltr'><strong>eodem</strong></span> <span class='ocrx_word' id='word_1_66' title='bbox 1036 1255 1228 1305; x_wconf 89' lang='lat' dir='ltr'><strong>testamento</strong></span> <span class='ocrx_word' id='word_1_67' title='bbox 1261 1242 1301 1304; x_wconf 87' lang='lat' dir='ltr'><strong>ad</strong></span> <span class='ocrx_word' id='word_1_68' title='bbox 1338 1244 1506 1325; x_wconf 88' lang='lat' dir='ltr'><strong>capellam</strong></span> 
     </span>
     <span class='ocr_line' id='line_1_10' title="bbox 231 1348 1040 1430; baseline 0.002 -22"><span class='ocrx_word' id='word_1_69' title='bbox 231 1349 313 1408; x_wconf 90' lang='lat' dir='ltr'><strong>beati</strong></span> <span class='ocrx_word' id='word_1_70' title='bbox 340 1349 492 1430; x_wconf 83' lang='lat' dir='ltr'><strong>Stephani</strong></span> <span class='ocrx_word' id='word_1_71' title='bbox 519 1349 753 1430; x_wconf 85' lang='lat' dir='ltr'><strong>protomartiris</strong></span> <span class='ocrx_word' id='word_1_72' title='bbox 778 1349 910 1429; x_wconf 90' lang='lat' dir='ltr'><strong>legatos,</strong></span> <span class='ocrx_word' id='word_1_73' title='bbox 935 1348 1040 1411; x_wconf 89' lang='lat' dir='ltr'><strong>habet.</strong></span> 
     </span>
    </p>

    <p class='ocr_par' dir='ltr' id='par_1_6' title="bbox 1226 1452 1460 1519">
     <span class='ocr_line' id='line_1_11' title="bbox 1226 1452 1460 1519; baseline 0.009 -3"><span class='ocrx_word' id='word_1_74' title='bbox 1226 1452 1314 1516; x_wconf 90' lang='lat' dir='ltr'><strong>Idem</strong></span> <span class='ocrx_word' id='word_1_75' title='bbox 1341 1454 1460 1519; x_wconf 90' lang='lat' dir='ltr'><strong>lector.</strong></span> 
     </span>
    </p>

    <p class='ocr_par' dir='ltr' id='par_1_7' title="bbox 227 1560 1504 1852">
     <span class='ocr_line' id='line_1_12' title="bbox 341 1560 1504 1641; baseline 0.001 -19"><span class='ocrx_word' id='word_1_76' title='bbox 341 1562 431 1641; x_wconf 79' lang='lat'>1508.</span> <span class='ocrx_word' id='word_1_77' title='bbox 458 1560 549 1621; x_wconf 80' lang='lat' dir='ltr'><strong>Feria</strong></span> <span class='ocrx_word' id='word_1_78' title='bbox 573 1575 659 1622; x_wconf 86' lang='lat' dir='ltr'><strong>sexta</strong></span> <span class='ocrx_word' id='word_1_79' title='bbox 686 1576 755 1641; x_wconf 89' lang='lat' dir='ltr'><strong>post</strong></span> <span class='ocrx_word' id='word_1_80' title='bbox 782 1560 981 1640; x_wconf 88' lang='lat' dir='ltr'><strong>Margarethe</strong></span> <span class='ocrx_word' id='word_1_81' title='bbox 998 1561 1133 1641; x_wconf 90' lang='lat' dir='ltr'><strong>virginis</strong></span> <span class='ocrx_word' id='word_1_82' title='bbox 1156 1573 1187 1622; x_wconf 93' lang='lat' dir='ltr'><strong>et</strong></span> <span class='ocrx_word' id='word_1_83' title='bbox 1205 1560 1357 1638; x_wconf 88' lang='lat' dir='ltr'><strong>martiris,</strong></span> <span class='ocrx_word' id='word_1_84' title='bbox 1382 1580 1504 1623; x_wconf 67' lang='lat' dir='ltr'><strong>execu»</strong></span> 
     </span>
     <span class='ocr_line' id='line_1_13' title="bbox 229 1666 1502 1750; baseline 0.002 -24"><span class='ocrx_word' id='word_1_85' title='bbox 229 1681 314 1727; x_wconf 91' lang='lat' dir='ltr'><strong>tores</strong></span> <span class='ocrx_word' id='word_1_86' title='bbox 339 1667 462 1728; x_wconf 90' lang='lat' dir='ltr'><strong>domini</strong></span> <span class='ocrx_word' id='word_1_87' title='bbox 489 1668 617 1727; x_wconf 82' lang='lat' dir='ltr'><strong>Andree</strong></span> <span class='ocrx_word' id='word_1_88' title='bbox 643 1668 681 1726; x_wconf 91' lang='lat' dir='ltr'><strong>de</strong></span> <span class='ocrx_word' id='word_1_89' title='bbox 709 1667 870 1750; x_wconf 84' lang='lat' dir='ltr'><strong>l&#39;wanych</strong></span> <span class='ocrx_word' id='word_1_90' title='bbox 909 1666 1111 1748; x_wconf 89' lang='lat' dir='ltr'><strong>prebendarii</strong></span> <span class='ocrx_word' id='word_1_91' title='bbox 1145 1666 1373 1748; x_wconf 86' lang='lat' dir='ltr'><strong>zagrabiensis,</strong></span> <span class='ocrx_word' id='word_1_92' title='bbox 1398 1667 1502 1729; x_wconf 90' lang='lat' dir='ltr'><strong>dede-</strong></span> 
     </span>
     <span class='ocr_line' id='line_1_14' title="bbox 227 1771 982 1852; baseline 0.008 -22"><span class='ocrx_word' id='word_1_93' title='bbox 227 1786 300 1833; x_wconf 92' lang='lat' dir='ltr'><strong>runt</strong></span> <span class='ocrx_word' id='word_1_94' title='bbox 326 1773 394 1834; x_wconf 90' lang='lat' dir='ltr'><strong>llor.</strong></span> <span class='ocrx_word' id='word_1_95' title='bbox 419 1771 440 1850; x_wconf 92' lang='lat' dir='ltr'><strong>l,</strong></span> <span class='ocrx_word' id='word_1_96' title='bbox 466 1771 609 1852; x_wconf 89' lang='lat' dir='ltr'><strong>legatum</strong></span> <span class='ocrx_word' id='word_1_97' title='bbox 636 1773 768 1833; x_wconf 87' lang='lat' dir='ltr'><strong>ecclesie</strong></span> <span class='ocrx_word' id='word_1_98' title='bbox 794 1772 982 1836; x_wconf 87' lang='lat' dir='ltr'><strong>kathedrali.</strong></span> 
     </span>
    </p>
   </div>
   <div class='ocr_carea' id='block_1_4' title="bbox 226 1985 1559 2594">
    <p class='ocr_par' dir='ltr' id='par_1_8' title="bbox 226 1985 1559 2594">
     <span class='ocr_line' id='line_1_15' title="bbox 858 1985 947 2047; baseline 0.022 -21"><span class='ocrx_word' id='word_1_99' title='bbox 858 1985 947 2047; x_wconf 77' lang='lat'>¹509·</span> 
     </span>
     <span class='ocr_line' id='line_1_16' title="bbox 330 2089 1501 2170; baseline 0.003 -19"><span class='ocrx_word' id='word_1_100' title='bbox 330 2090 362 2152; x_wconf 94' lang='lat' dir='ltr'><strong>ln</strong></span> <span class='ocrx_word' id='word_1_101' title='bbox 389 2089 465 2150; x_wconf 81' lang='lat' dir='ltr'><strong>feria</strong></span> <span class='ocrx_word' id='word_1_102' title='bbox 491 2089 602 2168; x_wconf 88' lang='lat' dir='ltr'><strong>quinta</strong></span> <span class='ocrx_word' id='word_1_103' title='bbox 641 2090 785 2170; x_wconf 86' lang='lat' dir='ltr'><strong>proxima</strong></span> <span class='ocrx_word' id='word_1_104' title='bbox 818 2104 890 2150; x_wconf 87' lang='lat' dir='ltr'><strong>ante</strong></span> <span class='ocrx_word' id='word_1_105' title='bbox 924 2089 1039 2150; x_wconf 83' lang='lat' dir='ltr'><strong>festum</strong></span> <span class='ocrx_word' id='word_1_106' title='bbox 1062 2089 1315 2168; x_wconf 83' lang='lat' dir='ltr'><strong>l‘urilicacionis,</strong></span> <span class='ocrx_word' id='word_1_107' title='bbox 1340 2089 1501 2154; x_wconf 86' lang='lat' dir='ltr'><strong>dominus</strong></span> 
     </span>
     <span class='ocr_line' id='line_1_17' title="bbox 229 2194 1497 2276; baseline 0.003 -21"><span class='ocrx_word' id='word_1_108' title='bbox 229 2197 372 2257; x_wconf 72' lang='lat' dir='ltr'><strong>Andreas</strong></span> <span class='ocrx_word' id='word_1_109' title='bbox 392 2197 505 2257; x_wconf 87' lang='lat' dir='ltr'><strong>Decret</strong></span> <span class='ocrx_word' id='word_1_110' title='bbox 542 2196 604 2272; x_wconf 75' lang='lat' dir='ltr'><strong>Dr,</strong></span> <span class='ocrx_word' id='word_1_111' title='bbox 628 2194 872 2256; x_wconf 80' lang='lat' dir='ltr'><strong>archidiaconus</strong></span> <span class='ocrx_word' id='word_1_112' title='bbox 899 2196 1045 2271; x_wconf 85' lang='lat' dir='ltr'><strong>Kemlelc,</strong></span> <span class='ocrx_word' id='word_1_113' title='bbox 1070 2196 1142 2257; x_wconf 91' lang='lat' dir='ltr'><strong>loco</strong></span> <span class='ocrx_word' id='word_1_114' title='bbox 1167 2195 1333 2276; x_wconf 90' lang='lat' dir='ltr'><strong>quondam</strong></span> <span class='ocrx_word' id='word_1_115' title='bbox 1360 2195 1497 2259; x_wconf 89' lang='lat' dir='ltr'><strong>domini</strong></span> 
     </span>
     <span class='ocr_line' id='line_1_18' title="bbox 229 2301 1559 2384; baseline -0.003 -20"><span class='ocrx_word' id='word_1_116' title='bbox 229 2304 454 2364; x_wconf 88' lang='lat' dir='ltr'><strong>Kamarcensis</strong></span> <span class='ocrx_word' id='word_1_117' title='bbox 478 2303 517 2362; x_wconf 92' lang='lat' dir='ltr'><strong>de</strong></span> <span class='ocrx_word' id='word_1_118' title='bbox 554 2302 727 2384; x_wconf 89' lang='lat' dir='ltr'><strong>prescripta</strong></span> <span class='ocrx_word' id='word_1_119' title='bbox 760 2322 883 2362; x_wconf 87' lang='lat' dir='ltr'><strong>summa</strong></span> <span class='ocrx_word' id='word_1_120' title='bbox 917 2302 1052 2380; x_wconf 84' lang='lat' dir='ltr'><strong>pecunie</strong></span> <span class='ocrx_word' id='word_1_121' title='bbox 1086 2302 1118 2362; x_wconf 92' lang='lat' dir='ltr'><strong>in</strong></span> <span class='ocrx_word' id='word_1_122' title='bbox 1151 2301 1303 2383; x_wconf 90' lang='lat' dir='ltr'><strong>Capitulo</strong></span> <span class='ocrx_word' id='word_1_123' title='bbox 1328 2301 1419 2364; x_wconf 90' lang='lat' dir='ltr'><strong>dedit</strong></span> <span class='ocrx_word' id='word_1_124' title='bbox 1443 2323 1497 2365; x_wconf 90' lang='lat' dir='ltr'><strong>ra·</strong></span> <span class='ocrx_word' id='word_1_125' title='bbox 1555 2354 1559 2360; x_wconf 89' lang='lat'><em>.</em></span> 
     </span>
     <span class='ocr_line' id='line_1_19' title="bbox 230 2405 1498 2491; baseline 0.002 -23"><span class='ocrx_word' id='word_1_126' title='bbox 230 2409 368 2486; x_wconf 91' lang='lat' dir='ltr'><strong>cionem,</strong></span> <span class='ocrx_word' id='word_1_127' title='bbox 394 2422 613 2468; x_wconf 89' lang='lat' dir='ltr'><strong>remanserunt</strong></span> <span class='ocrx_word' id='word_1_128' title='bbox 630 2407 715 2488; x_wconf 91' lang='lat' dir='ltr'><strong>apud</strong></span> <span class='ocrx_word' id='word_1_129' title='bbox 741 2408 879 2468; x_wconf 89' lang='lat' dir='ltr'><strong>eundem</strong></span> <span class='ocrx_word' id='word_1_130' title='bbox 899 2409 966 2469; x_wconf 88' lang='lat' dir='ltr'><strong>llor.</strong></span> <span class='ocrx_word' id='word_1_131' title='bbox 990 2406 1105 2486; x_wconf 75' lang='lat' dir='ltr'><strong>ll⁰Xlll,</strong></span> <span class='ocrx_word' id='word_1_132' title='bbox 1122 2409 1180 2471; x_wconf 89' lang='lat' dir='ltr'><strong>sol.</strong></span> <span class='ocrx_word' id='word_1_133' title='bbox 1204 2405 1300 2482; x_wconf 83' lang='lat' dir='ltr'><strong>Xllll;</strong></span> <span class='ocrx_word' id='word_1_134' title='bbox 1326 2427 1409 2488; x_wconf 89' lang='lat' dir='ltr'><strong>quos</strong></span> <span class='ocrx_word' id='word_1_135' title='bbox 1426 2410 1498 2491; x_wconf 89' lang='lat' dir='ltr'><strong>ple·</strong></span> 
     </span>
     <span class='ocr_line' id='line_1_20' title="bbox 226 2513 1501 2594; baseline 0.002 -20"><span class='ocrx_word' id='word_1_136' title='bbox 226 2515 316 2575; x_wconf 89' lang='lat' dir='ltr'><strong>narie</strong></span> <span class='ocrx_word' id='word_1_137' title='bbox 351 2514 493 2575; x_wconf 90' lang='lat' dir='ltr'><strong>dominis</strong></span> <span class='ocrx_word' id='word_1_138' title='bbox 530 2513 649 2574; x_wconf 89' lang='lat' dir='ltr'><strong>ibidem</strong></span> <span class='ocrx_word' id='word_1_139' title='bbox 688 2514 840 2591; x_wconf 82' lang='lat' dir='ltr'><strong>restituit,</strong></span> <span class='ocrx_word' id='word_1_140' title='bbox 877 2534 972 2594; x_wconf 89' lang='lat' dir='ltr'><strong>super</strong></span> <span class='ocrx_word' id='word_1_141' title='bbox 1003 2534 1069 2594; x_wconf 84' lang='lat' dir='ltr'><strong>quo</strong></span> <span class='ocrx_word' id='word_1_142' title='bbox 1101 2514 1223 2594; x_wconf 89' lang='lat' dir='ltr'><strong>quittus</strong></span> <span class='ocrx_word' id='word_1_143' title='bbox 1263 2527 1293 2574; x_wconf 92' lang='lat' dir='ltr'><strong>ct</strong></span> <span class='ocrx_word' id='word_1_144' title='bbox 1325 2513 1501 2594; x_wconf 88' lang='lat' dir='ltr'><strong>expeditus</strong></span> 
     </span>
    </p>
   </div>
   <div class='ocr_carea' id='block_1_5' title="bbox 220 2619 1496 4616">
    <p class='ocr_par' dir='ltr' id='par_1_9' title="bbox 226 2619 1449 2703">
     <span class='ocr_line' id='line_1_21' title="bbox 226 2619 1449 2703; baseline 0.005 -24"><span class='ocrx_word' id='word_1_145' title='bbox 226 2621 370 2681; x_wconf 89' lang='lat' dir='ltr'><strong>redditus</strong></span> <span class='ocrx_word' id='word_1_146' title='bbox 395 2636 455 2682; x_wconf 88' lang='lat' dir='ltr'><strong>est.</strong></span> <span class='ocrx_word' id='word_1_147' title='bbox 771 2619 915 2680; x_wconf 81' lang='lat' dir='ltr'><strong>Andreas</strong></span> <span class='ocrx_word' id='word_1_148' title='bbox 942 2620 1065 2682; x_wconf 78' lang='lat' dir='ltr'><strong>llecret.</strong></span> <span class='ocrx_word' id='word_1_149' title='bbox 1093 2621 1154 2697; x_wconf 78' lang='lat' dir='ltr'><strong>llr,</strong></span> <span class='ocrx_word' id='word_1_150' title='bbox 1179 2620 1326 2698; x_wconf 89' lang='lat' dir='ltr'><strong>vicarius,</strong></span> <span class='ocrx_word' id='word_1_151' title='bbox 1351 2639 1393 2681; x_wconf 89' lang='lat' dir='ltr'><strong>m.</strong></span> <span class='ocrx_word' id='word_1_152' title='bbox 1419 2640 1449 2703; x_wconf 91' lang='lat' dir='ltr'><strong>p.</strong></span> 
     </span>
    </p>

    <p class='ocr_par' dir='ltr' id='par_1_10' title="bbox 225 2725 1496 3016">
     <span class='ocr_line' id='line_1_22' title="bbox 331 2725 1496 2806; baseline 0.003 -20"><span class='ocrx_word' id='word_1_153' title='bbox 331 2726 463 2806; x_wconf 87' lang='lat' dir='ltr'><strong>insuper</strong></span> <span class='ocrx_word' id='word_1_154' title='bbox 488 2727 603 2786; x_wconf 86' lang='lat' dir='ltr'><strong>eodem</strong></span> <span class='ocrx_word' id='word_1_155' title='bbox 631 2726 681 2784; x_wconf 91' lang='lat' dir='ltr'><strong>die</strong></span> <span class='ocrx_word' id='word_1_156' title='bbox 718 2726 801 2785; x_wconf 90' lang='lat' dir='ltr'><strong>idem</strong></span> <span class='ocrx_word' id='word_1_157' title='bbox 836 2726 987 2786; x_wconf 87' lang='lat' dir='ltr'><strong>dominns</strong></span> <span class='ocrx_word' id='word_1_158' title='bbox 1020 2727 1164 2786; x_wconf 80' lang='lat' dir='ltr'><strong>Andreas</strong></span> <span class='ocrx_word' id='word_1_159' title='bbox 1198 2725 1496 2803; x_wconf 83' lang='lat' dir='ltr'><strong>Kemlelr,.ibidem</strong></span> 
     </span>
     <span class='ocr_line' id='line_1_23' title="bbox 225 2831 1494 2913; baseline 0.004 -23"><span class='ocrx_word' id='word_1_160' title='bbox 225 2832 374 2913; x_wconf 88' lang='lat' dir='ltr'><strong>deposuit</strong></span> <span class='ocrx_word' id='word_1_161' title='bbox 392 2833 458 2894; x_wconf 89' lang='lat' dir='ltr'><strong>llor.</strong></span> <span class='ocrx_word' id='word_1_162' title='bbox 478 2832 543 2909; x_wconf 86' lang='lat' dir='ltr'><strong>llll,</strong></span> <span class='ocrx_word' id='word_1_163' title='bbox 568 2850 648 2911; x_wconf 89' lang='lat' dir='ltr'><strong>quos</strong></span> <span class='ocrx_word' id='word_1_164' title='bbox 673 2832 836 2911; x_wconf 84' lang='lat' dir='ltr'><strong>quondam</strong></span> <span class='ocrx_word' id='word_1_165' title='bbox 859 2832 1011 2892; x_wconf 89' lang='lat' dir='ltr'><strong>dominus</strong></span> <span class='ocrx_word' id='word_1_166' title='bbox 1030 2832 1251 2893; x_wconf 85' lang='lat' dir='ltr'><strong>Kamarcensis</strong></span> <span class='ocrx_word' id='word_1_167' title='bbox 1268 2831 1433 2912; x_wconf 86' lang='lat' dir='ltr'><strong>legaverat</strong></span> <span class='ocrx_word' id='word_1_168' title='bbox 1452 2835 1494 2895; x_wconf 87' lang='lat' dir='ltr'><strong>ad</strong></span> 
     </span>
     <span class='ocr_line' id='line_1_24' title="bbox 225 2938 823 3016; baseline 0.002 -19"><span class='ocrx_word' id='word_1_169' title='bbox 225 2953 415 2999; x_wconf 89' lang='lat' dir='ltr'><strong>structuram</strong></span> <span class='ocrx_word' id='word_1_170' title='bbox 442 2938 573 2998; x_wconf 87' lang='lat' dir='ltr'><strong>ecclesie</strong></span> <span class='ocrx_word' id='word_1_171' title='bbox 599 2938 823 3016; x_wconf 80' lang='lat' dir='ltr'><strong>zagrabiensis.</strong></span> 
     </span>
    </p>

    <p class='ocr_par' dir='ltr' id='par_1_11' title="bbox 228 3044 1496 3232">
     <span class='ocr_line' id='line_1_25' title="bbox 332 3044 1494 3127; baseline 0.003 -21"><span class='ocrx_word' id='word_1_172' title='bbox 332 3046 451 3106; x_wconf 91' lang='lat' dir='ltr'><strong>lbidem</strong></span> <span class='ocrx_word' id='word_1_173' title='bbox 477 3046 626 3125; x_wconf 89' lang='lat' dir='ltr'><strong>deposuit</strong></span> <span class='ocrx_word' id='word_1_174' title='bbox 651 3046 757 3105; x_wconf 88' lang='lat' dir='ltr'><strong>literas</strong></span> <span class='ocrx_word' id='word_1_175' title='bbox 782 3045 989 3125; x_wconf 80' lang='lat' dir='ltr'><strong>obligatorias</strong></span> <span class='ocrx_word' id='word_1_176' title='bbox 1021 3065 1115 3127; x_wconf 88' lang='lat' dir='ltr'><strong>super</strong></span> <span class='ocrx_word' id='word_1_177' title='bbox 1140 3045 1239 3107; x_wconf 88' lang='lat' dir='ltr'><strong>domo</strong></span> <span class='ocrx_word' id='word_1_178' title='bbox 1264 3044 1403 3127; x_wconf 89' lang='lat' dir='ltr'><strong>quadarn</strong></span> <span class='ocrx_word' id='word_1_179' title='bbox 1431 3047 1494 3109; x_wconf 91' lang='lat' dir='ltr'><strong>do·</strong></span> 
     </span>
     <span class='ocr_line' id='line_1_26' title="bbox 228 3150 1496 3232; baseline 0.003 -20"><span class='ocrx_word' id='word_1_180' title='bbox 228 3153 314 3212; x_wconf 91' lang='lat' dir='ltr'><strong>mine</strong></span> <span class='ocrx_word' id='word_1_181' title='bbox 340 3151 514 3232; x_wconf 76' lang='lat' dir='ltr'><strong>Perowych</strong></span> <span class='ocrx_word' id='word_1_182' title='bbox 542 3151 571 3210; x_wconf 88' lang='lat' dir='ltr'><strong>in</strong></span> <span class='ocrx_word' id='word_1_183' title='bbox 598 3151 724 3210; x_wconf 90' lang='lat' dir='ltr'><strong>civitate</strong></span> <span class='ocrx_word' id='word_1_184' title='bbox 754 3152 1036 3230; x_wconf 87' lang='lat' dir='ltr'><strong>Montisgrecensis</strong></span> <span class='ocrx_word' id='word_1_185' title='bbox 1060 3171 1155 3232; x_wconf 89' lang='lat' dir='ltr'><strong>super</strong></span> <span class='ocrx_word' id='word_1_186' title='bbox 1180 3152 1290 3213; x_wconf 90' lang='lat' dir='ltr'><strong>debito</strong></span> <span class='ocrx_word' id='word_1_187' title='bbox 1322 3150 1394 3215; x_wconf 87' lang='lat' dir='ltr'><strong>flor.</strong></span> <span class='ocrx_word' id='word_1_188' title='bbox 1427 3152 1496 3216; x_wconf 83' lang='lat' dir='ltr'><strong>Lx.</strong></span> 
     </span>
    </p>

    <p class='ocr_par' dir='ltr' id='par_1_12' title="bbox 224 3256 1490 3551">
     <span class='ocr_line' id='line_1_27' title="bbox 332 3256 1489 3340; baseline 0.003 -23"><span class='ocrx_word' id='word_1_189' title='bbox 332 3258 423 3317; x_wconf 82' lang='lat' dir='ltr'><strong>Feri-a</strong></span> <span class='ocrx_word' id='word_1_190' title='bbox 448 3257 587 3317; x_wconf 88' lang='lat' dir='ltr'><strong>secunda</strong></span> <span class='ocrx_word' id='word_1_191' title='bbox 606 3271 675 3337; x_wconf 83' lang='lat' dir='ltr'><strong>post</strong></span> <span class='ocrx_word' id='word_1_192' title='bbox 705 3256 901 3317; x_wconf 83' lang='lat' dir='ltr'><strong>dominicam</strong></span> <span class='ocrx_word' id='word_1_193' title='bbox 931 3258 1053 3334; x_wconf 76' lang='lat' dir='ltr'><strong>letare,</strong></span> <span class='ocrx_word' id='word_1_194' title='bbox 1076 3259 1114 3317; x_wconf 89' lang='lat' dir='ltr'><strong>de</strong></span> <span class='ocrx_word' id='word_1_195' title='bbox 1133 3258 1314 3340; x_wconf 88' lang='lat' dir='ltr'><strong>prescriptis</strong></span> <span class='ocrx_word' id='word_1_196' title='bbox 1339 3259 1489 3338; x_wconf 86' lang='lat' dir='ltr'><strong>pecuniis</strong></span> 
     </span>
     <span class='ocr_line' id='line_1_28' title="bbox 228 3363 1490 3444; baseline 0.003 -21"><span class='ocrx_word' id='word_1_197' title='bbox 228 3365 290 3424; x_wconf 86' lang='lat' dir='ltr'><strong>dati</strong></span> <span class='ocrx_word' id='word_1_198' title='bbox 318 3379 389 3424; x_wconf 89' lang='lat' dir='ltr'><strong>sunt</strong></span> <span class='ocrx_word' id='word_1_199' title='bbox 414 3363 453 3423; x_wconf 86' lang='lat' dir='ltr'><strong>ad</strong></span> <span class='ocrx_word' id='word_1_200' title='bbox 479 3383 592 3423; x_wconf 89' lang='lat' dir='ltr'><strong>manus</strong></span> <span class='ocrx_word' id='word_1_201' title='bbox 617 3363 757 3442; x_wconf 81' lang='lat' dir='ltr'><strong>magistri</strong></span> <span class='ocrx_word' id='word_1_202' title='bbox 779 3363 941 3423; x_wconf 86' lang='lat' dir='ltr'><strong>Benedicti</strong></span> <span class='ocrx_word' id='word_1_203' title='bbox 961 3364 1178 3424; x_wconf 83' lang='lat' dir='ltr'><strong>archidiaconi</strong></span> <span class='ocrx_word' id='word_1_204' title='bbox 1204 3363 1412 3426; x_wconf 85' lang='lat' dir='ltr'><strong>Chasmensis</strong></span> <span class='ocrx_word' id='word_1_205' title='bbox 1429 3383 1490 3444; x_wconf 91' lang='lat' dir='ltr'><strong>pro</strong></span> 
     </span>
     <span class='ocr_line' id='line_1_29' title="bbox 224 3468 1490 3551; baseline 0.004 -21"><span class='ocrx_word' id='word_1_206' title='bbox 224 3471 409 3530; x_wconf 87' lang='lat' dir='ltr'><strong>necessariis</strong></span> <span class='ocrx_word' id='word_1_207' title='bbox 424 3471 453 3529; x_wconf 89' lang='lat' dir='ltr'><strong>in</strong></span> <span class='ocrx_word' id='word_1_208' title='bbox 473 3470 612 3529; x_wconf 88' lang='lat' dir='ltr'><strong>sacristia</strong></span> <span class='ocrx_word' id='word_1_209' title='bbox 632 3468 844 3529; x_wconf 84' lang='lat' dir='ltr'><strong>reformandis</strong></span> <span class='ocrx_word' id='word_1_210' title='bbox 859 3470 927 3532; x_wconf 84' lang='lat' dir='ltr'><strong>flor.</strong></span> <span class='ocrx_word' id='word_1_211' title='bbox 940 3470 1106 3547; x_wconf 87' lang='lat' dir='ltr'><strong>tredecim,</strong></span> <span class='ocrx_word' id='word_1_212' title='bbox 1120 3471 1214 3532; x_wconf 89' lang='lat' dir='ltr'><strong>solidi</strong></span> <span class='ocrx_word' id='word_1_213' title='bbox 1230 3469 1490 3551; x_wconf 86' lang='lat' dir='ltr'><strong>quatuordecim.</strong></span> 
     </span>
    </p>

    <p class='ocr_par' dir='ltr' id='par_1_13' title="bbox 223 3573 1491 3868">
     <span class='ocr_line' id='line_1_30' title="bbox 331 3573 1491 3656; baseline 0.002 -21"><span class='ocrx_word' id='word_1_214' title='bbox 331 3577 419 3636; x_wconf 79' lang='lat' dir='ltr'><strong>Feria</strong></span> <span class='ocrx_word' id='word_1_215' title='bbox 453 3590 537 3635; x_wconf 86' lang='lat' dir='ltr'><strong>sexta</strong></span> <span class='ocrx_word' id='word_1_216' title='bbox 572 3590 642 3656; x_wconf 91' lang='lat' dir='ltr'><strong>post</strong></span> <span class='ocrx_word' id='word_1_217' title='bbox 675 3573 789 3635; x_wconf 85' lang='lat' dir='ltr'><strong>festum</strong></span> <span class='ocrx_word' id='word_1_218' title='bbox 825 3576 1085 3638; x_wconf 82' lang='lat' dir='ltr'><strong>Resurrccciouis</strong></span> <span class='ocrx_word' id='word_1_219' title='bbox 1121 3578 1270 3654; x_wconf 89' lang='lat' dir='ltr'><strong>Domini,</strong></span> <span class='ocrx_word' id='word_1_220' title='bbox 1303 3591 1491 3638; x_wconf 86' lang='lat' dir='ltr'><strong>executores</strong></span> 
     </span>
     <span class='ocr_line' id='line_1_31' title="bbox 223 3679 1490 3764; baseline 0 -22"><span class='ocrx_word' id='word_1_221' title='bbox 223 3684 386 3762; x_wconf 86' lang='lat' dir='ltr'><strong>quondam</strong></span> <span class='ocrx_word' id='word_1_222' title='bbox 403 3682 543 3761; x_wconf 83' lang='lat' dir='ltr'><strong>magistri</strong></span> <span class='ocrx_word' id='word_1_223' title='bbox 560 3681 691 3741; x_wconf 86' lang='lat' dir='ltr'><strong>Fabiani</strong></span> <span class='ocrx_word' id='word_1_224' title='bbox 708 3682 925 3761; x_wconf 87' lang='lat' dir='ltr'><strong>deposuerunt</strong></span> <span class='ocrx_word' id='word_1_225' title='bbox 944 3683 973 3743; x_wconf 91' lang='lat' dir='ltr'><strong>in</strong></span> <span class='ocrx_word' id='word_1_226' title='bbox 993 3684 1230 3745; x_wconf 86' lang='lat' dir='ltr'><strong>wiennensibus</strong></span> <span class='ocrx_word' id='word_1_227' title='bbox 1243 3682 1341 3764; x_wconf 88' lang='lat' dir='ltr'><strong>nigris</strong></span> <span class='ocrx_word' id='word_1_228' title='bbox 1354 3682 1421 3744; x_wconf 88' lang='lat' dir='ltr'><strong>flor.</strong></span> <span class='ocrx_word' id='word_1_229' title='bbox 1439 3679 1490 3759; x_wconf 69' lang='lat' dir='ltr'><strong>X,</strong></span> 
     </span>
     <span class='ocr_line' id='line_1_32' title="bbox 223 3786 727 3868; baseline 0.004 -22"><span class='ocrx_word' id='word_1_230' title='bbox 223 3807 305 3868; x_wconf 89' lang='lat' dir='ltr'><strong>quos</strong></span> <span class='ocrx_word' id='word_1_231' title='bbox 332 3787 414 3846; x_wconf 89' lang='lat' dir='ltr'><strong>idem</strong></span> <span class='ocrx_word' id='word_1_232' title='bbox 442 3787 559 3865; x_wconf 86' lang='lat' dir='ltr'><strong>legavit</strong></span> <span class='ocrx_word' id='word_1_233' title='bbox 585 3786 727 3848; x_wconf 88' lang='lat' dir='ltr'><strong>ecclesie.</strong></span> 
     </span>
    </p>

    <p class='ocr_par' dir='ltr' id='par_1_14' title="bbox 222 3893 1487 4168">
     <span class='ocr_line' id='line_1_33' title="bbox 330 3893 1487 3976; baseline 0.001 -21"><span class='ocrx_word' id='word_1_234' title='bbox 330 3896 405 3955; x_wconf 89' lang='lat' dir='ltr'><strong>ltem</strong></span> <span class='ocrx_word' id='word_1_235' title='bbox 434 3895 464 3954; x_wconf 87' lang='lat' dir='ltr'><strong>in</strong></span> <span class='ocrx_word' id='word_1_236' title='bbox 492 3893 632 3976; x_wconf 84' lang='lat' dir='ltr'><strong>profesto</strong></span> <span class='ocrx_word' id='word_1_237' title='bbox 666 3895 749 3954; x_wconf 88' lang='lat' dir='ltr'><strong>beati</strong></span> <span class='ocrx_word' id='word_1_238' title='bbox 776 3895 896 3956; x_wconf 89' lang='lat' dir='ltr'><strong>Vrbani</strong></span> <span class='ocrx_word' id='word_1_239' title='bbox 930 3914 1023 3976; x_wconf 89' lang='lat' dir='ltr'><strong>pape,</strong></span> <span class='ocrx_word' id='word_1_240' title='bbox 1057 3911 1242 3957; x_wconf 84' lang='lat' dir='ltr'><strong>executores</strong></span> <span class='ocrx_word' id='word_1_241' title='bbox 1267 3895 1403 3957; x_wconf 88' lang='lat' dir='ltr'><strong>condam</strong></span> <span class='ocrx_word' id='word_1_242' title='bbox 1429 3894 1487 3956; x_wconf 94' lang='lat' dir='ltr'><strong>do·</strong></span> 
     </span>
     <span class='ocr_line' id='line_1_34' title="bbox 223 4000 1487 4084; baseline 0.003 -23"><span class='ocrx_word' id='word_1_243' title='bbox 223 4003 300 4061; x_wconf 83' lang='lat' dir='ltr'><strong>nrioi</strong></span> <span class='ocrx_word' id='word_1_244' title='bbox 328 4002 451 4061; x_wconf 77' lang='lat' dir='ltr'><strong>Nic-olai</strong></span> <span class='ocrx_word' id='word_1_245' title='bbox 479 4002 517 4060; x_wconf 89' lang='lat' dir='ltr'><strong>de</strong></span> <span class='ocrx_word' id='word_1_246' title='bbox 545 4000 672 4076; x_wconf 86' lang='lat' dir='ltr'><strong>chha,</strong></span> <span class='ocrx_word' id='word_1_247' title='bbox 698 4000 915 4062; x_wconf 88' lang='lat' dir='ltr'><strong>archidiaconi</strong></span> <span class='ocrx_word' id='word_1_248' title='bbox 947 4002 986 4062; x_wconf 93' lang='lat' dir='ltr'><strong>de</strong></span> <span class='ocrx_word' id='word_1_249' title='bbox 1020 4001 1151 4078; x_wconf 88' lang='lat' dir='ltr'><strong>Waska,</strong></span> <span class='ocrx_word' id='word_1_250' title='bbox 1185 4004 1403 4084; x_wconf 88' lang='lat' dir='ltr'><strong>deposuerunt</strong></span> <span class='ocrx_word' id='word_1_251' title='bbox 1428 4021 1487 4084; x_wconf 92' lang='lat' dir='ltr'><strong>pro</strong></span> 
     </span>
     <span class='ocr_line' id='line_1_35' title="bbox 222 4106 1039 4168; baseline 0.001 -1"><span class='ocrx_word' id='word_1_252' title='bbox 222 4108 462 4168; x_wconf 88' lang='lat' dir='ltr'><strong>necessitatibus</strong></span> <span class='ocrx_word' id='word_1_253' title='bbox 487 4106 619 4167; x_wconf 88' lang='lat' dir='ltr'><strong>ecclesie</strong></span> <span class='ocrx_word' id='word_1_254' title='bbox 646 4106 714 4168; x_wconf 83' lang='lat' dir='ltr'><strong>lior.</strong></span> <span class='ocrx_word' id='word_1_255' title='bbox 739 4121 868 4167; x_wconf 88' lang='lat' dir='ltr'><strong>centum</strong></span> <span class='ocrx_word' id='word_1_256' title='bbox 894 4106 925 4166; x_wconf 91' lang='lat' dir='ltr'><strong>in</strong></span> <span class='ocrx_word' id='word_1_257' title='bbox 951 4125 1039 4168; x_wconf 84' lang='lat' dir='ltr'><strong>auro.</strong></span> 
     </span>
    </p>

    <p class='ocr_par' dir='ltr' id='par_1_15' title="bbox 220 4211 1487 4505">
     <span class='ocr_line' id='line_1_36' title="bbox 326 4211 1487 4294; baseline 0.003 -21"><span class='ocrx_word' id='word_1_258' title='bbox 326 4213 402 4273; x_wconf 89' lang='lat' dir='ltr'><strong>lrem</strong></span> <span class='ocrx_word' id='word_1_259' title='bbox 431 4215 460 4272; x_wconf 89' lang='lat' dir='ltr'><strong>in</strong></span> <span class='ocrx_word' id='word_1_260' title='bbox 487 4211 629 4294; x_wconf 80' lang='lat' dir='ltr'><strong>profesto</strong></span> <span class='ocrx_word' id='word_1_261' title='bbox 661 4227 845 4274; x_wconf 89' lang='lat' dir='ltr'><strong>sanctorum</strong></span> <span class='ocrx_word' id='word_1_262' title='bbox 871 4211 1005 4274; x_wconf 86' lang='lat' dir='ltr'><strong>Fabiani</strong></span> <span class='ocrx_word' id='word_1_263' title='bbox 1039 4226 1068 4274; x_wconf 93' lang='lat' dir='ltr'><strong>et</strong></span> <span class='ocrx_word' id='word_1_264' title='bbox 1103 4212 1281 4275; x_wconf 85' lang='lat' dir='ltr'><strong>Sebastiani</strong></span> <span class='ocrx_word' id='word_1_265' title='bbox 1308 4214 1487 4292; x_wconf 89' lang='lat' dir='ltr'><strong>martirum,</strong></span> 
     </span>
     <span class='ocr_line' id='line_1_37' title="bbox 221 4317 1487 4401; baseline 0.005 -23"><span class='ocrx_word' id='word_1_266' title='bbox 221 4334 406 4379; x_wconf 88' lang='lat' dir='ltr'><strong>executores</strong></span> <span class='ocrx_word' id='word_1_267' title='bbox 433 4319 556 4379; x_wconf 90' lang='lat' dir='ltr'><strong>domini</strong></span> <span class='ocrx_word' id='word_1_268' title='bbox 576 4317 703 4379; x_wconf 82' lang='lat' dir='ltr'><strong>Andree</strong></span> <span class='ocrx_word' id='word_1_269' title='bbox 723 4317 847 4382; x_wconf 90' lang='lat' dir='ltr'><strong>Decret.</strong></span> <span class='ocrx_word' id='word_1_270' title='bbox 874 4317 939 4397; x_wconf 80' lang='lat' dir='ltr'><strong>Dr,</strong></span> <span class='ocrx_word' id='word_1_271' title='bbox 957 4317 1162 4396; x_wconf 85' lang='lat' dir='ltr'><strong>kathedralis,</strong></span> <span class='ocrx_word' id='word_1_272' title='bbox 1180 4320 1400 4401; x_wconf 89' lang='lat' dir='ltr'><strong>deposuerunt</strong></span> <span class='ocrx_word' id='word_1_273' title='bbox 1417 4320 1487 4384; x_wconf 88' lang='lat' dir='ltr'><strong>llor.</strong></span> 
     </span>
     <span class='ocr_line' id='line_1_38' title="bbox 220 4424 1097 4505; baseline 0.003 -21"><span class='ocrx_word' id='word_1_274' title='bbox 220 4425 320 4500; x_wconf 75' lang='lat' dir='ltr'><strong>XXV,</strong></span> <span class='ocrx_word' id='word_1_275' title='bbox 345 4424 384 4484; x_wconf 91' lang='lat' dir='ltr'><strong>ad</strong></span> <span class='ocrx_word' id='word_1_276' title='bbox 410 4425 536 4485; x_wconf 89' lang='lat' dir='ltr'><strong>labores</strong></span> <span class='ocrx_word' id='word_1_277' title='bbox 561 4425 693 4486; x_wconf 90' lang='lat' dir='ltr'><strong>ecclesie</strong></span> <span class='ocrx_word' id='word_1_278' title='bbox 719 4444 774 4505; x_wconf 91' lang='lat' dir='ltr'><strong>per</strong></span> <span class='ocrx_word' id='word_1_279' title='bbox 799 4424 939 4486; x_wconf 88' lang='lat' dir='ltr'><strong>eundem</strong></span> <span class='ocrx_word' id='word_1_280' title='bbox 965 4425 1097 4505; x_wconf 87' lang='lat' dir='ltr'><strong>legatos.</strong></span> 
     </span>
    </p>

    <p class='ocr_par' dir='ltr' id='par_1_16' title="bbox 328 4530 1484 4616">
     <span class='ocr_line' id='line_1_39' title="bbox 328 4530 1484 4616; baseline 0.004 -26"><span class='ocrx_word' id='word_1_281' title='bbox 328 4531 403 4591; x_wconf 88' lang='lat' dir='ltr'><strong>ltem</strong></span> <span class='ocrx_word' id='word_1_282' title='bbox 430 4547 615 4591; x_wconf 87' lang='lat' dir='ltr'><strong>executores</strong></span> <span class='ocrx_word' id='word_1_283' title='bbox 640 4531 781 4610; x_wconf 88' lang='lat' dir='ltr'><strong>magistri</strong></span> <span class='ocrx_word' id='word_1_284' title='bbox 808 4530 942 4592; x_wconf 86' lang='lat' dir='ltr'><strong>Fabiani</strong></span> <span class='ocrx_word' id='word_1_285' title='bbox 976 4531 1014 4591; x_wconf 88' lang='lat' dir='ltr'><strong>de</strong></span> <span class='ocrx_word' id='word_1_286' title='bbox 1047 4532 1154 4612; x_wconf 89' lang='lat' dir='ltr'><strong>precio</strong></span> <span class='ocrx_word' id='word_1_287' title='bbox 1180 4531 1258 4608; x_wconf 87' lang='lat' dir='ltr'><strong>vini,</strong></span> <span class='ocrx_word' id='word_1_288' title='bbox 1283 4532 1373 4613; x_wconf 91' lang='lat' dir='ltr'><strong>quod</strong></span> <span class='ocrx_word' id='word_1_289' title='bbox 1399 4533 1484 4616; x_wconf 89' lang='lat' dir='ltr'><strong>lega·</strong></span> 
     </span>
    </p>
   </div>
   <div class='ocr_carea' id='block_1_6' title="bbox 221 4635 1484 4805">
    <p class='ocr_par' dir='ltr' id='par_1_17' title="bbox 221 4635 1484 4805">
     <span class='ocr_line' id='line_1_40' title="bbox 221 4635 1484 4719; baseline 0.007 -26"><span class='ocrx_word' id='word_1_290' title='bbox 221 4651 307 4697; x_wconf 89' lang='lat' dir='ltr'><strong>verat</strong></span> <span class='ocrx_word' id='word_1_291' title='bbox 342 4636 493 4714; x_wconf 88' lang='lat' dir='ltr'><strong>ecclesie,</strong></span> <span class='ocrx_word' id='word_1_292' title='bbox 526 4635 604 4699; x_wconf 83' lang='lat' dir='ltr'><strong>feria</strong></span> <span class='ocrx_word' id='word_1_293' title='bbox 635 4650 747 4718; x_wconf 85' lang='lat' dir='ltr'><strong>quarta</strong></span> <span class='ocrx_word' id='word_1_294' title='bbox 792 4651 862 4719; x_wconf 85' lang='lat' dir='ltr'><strong>post</strong></span> <span class='ocrx_word' id='word_1_295' title='bbox 894 4636 1090 4699; x_wconf 89' lang='lat' dir='ltr'><strong>dominicam</strong></span> <span class='ocrx_word' id='word_1_296' title='bbox 1125 4637 1221 4700; x_wconf 90' lang='lat' dir='ltr'><strong>Oculi</strong></span> <span class='ocrx_word' id='word_1_297' title='bbox 1261 4636 1484 4718; x_wconf 89' lang='lat' dir='ltr'><strong>deposuerunt</strong></span> 
     </span>
     <span class='ocr_line' id='line_1_41' title="bbox 221 4741 361 4805; baseline 0.007 -2"><span class='ocrx_word' id='word_1_298' title='bbox 221 4742 288 4805; x_wconf 85' lang='lat' dir='ltr'><strong>tlor.</strong></span> <span class='ocrx_word' id='word_1_299' title='bbox 313 4741 361 4804; x_wconf 85' lang='grc' dir='ltr'><strong>ΙΙΙ.</strong></span> 
     </span>
    </p>
   </div>
   <div class='ocr_carea' id='block_1_7' title="bbox 0 0 1718 5256">
    <p class='ocr_par' dir='ltr' id='par_1_18' title="bbox 0 0 1718 5256">
     <span class='ocr_line' id='line_1_42' title="bbox 0 0 1718 5256; baseline 0 3"><span class='ocrx_word' id='word_1_300' title='bbox 0 0 1718 5256; x_wconf 95' lang='lat' dir='ltr'><strong> </strong></span> 
     </span>
    </p>
   </div>
  </div>
 </body>
</html>
