3428 5256
222 520 329 600 patris,
354 519 446 579 beate
471 515 614 596 virginis,
640 515 770 576 cimeria
800 528 830 576 et
862 514 958 574 armis
991 514 1074 594 regis
1100 512 1270 591 Lodouici,
1295 527 1325 573 et
1349 514 1389 574 ab
1413 527 1487 573 aute

222 643 295 684 cum
321 623 385 683 alio
411 623 543 684 cimerio
567 621 651 701 regis
669 620 826 682 Lodouici
844 633 875 681 et
891 619 987 680 armis
1004 619 1073 680 eius
1098 619 1129 680 in
1155 618 1394 699 longitudinem
1412 637 1487 679 cum

222 731 391 791 dalmatica
416 743 446 790 et
470 730 576 789 stricta
601 726 745 788 eiusdem
771 727 914 804 materie,
938 725 1093 786 subducte
1111 744 1184 786 cum
1208 725 1346 786 cendato
1370 726 1486 804 rubeo,

223 855 280 918 pro
305 835 411 896 anima
437 834 567 894 domine
588 833 687 894 Marie
705 832 814 914 regine
832 852 888 913 per
905 831 1074 893 domiuum
1093 830 1273 892 Johannem
1299 831 1488 912 episcopum

224 943 263 1004 de
288 943 409 1023 Scepus
433 955 610 1023 procurata.

330 1048 418 1125 Item,
445 1066 506 1107 una
532 1045 638 1106 casula
663 1045 702 1105 de
727 1063 834 1126 panno
856 1043 976 1105 sericeo
1002 1045 1102 1104 rubeo
1135 1062 1206 1103 cum
1233 1058 1321 1125 parta
1347 1057 1431 1104 retro
1458 1056 1488 1103 et

224 1169 296 1215 ante
321 1173 377 1234 per
401 1152 536 1213 modum
562 1151 673 1229 crucis,
698 1150 853 1211 subducta
879 1169 951 1211 cum
977 1149 1114 1210 sindone
1139 1149 1224 1210 albo.

330 1261 418 1337 Item,
444 1279 506 1319 una
531 1259 636 1319 casula
662 1256 700 1317 de
726 1257 835 1318 veluto
859 1257 947 1337 grisii
980 1256 1098 1317 coloris
1122 1275 1194 1316 cum
1220 1270 1307 1337 parta
1333 1275 1429 1317 aurea
1456 1256 1487 1316 in

225 1365 360 1427 modum
385 1365 487 1426 crucis
510 1378 541 1426 et
573 1377 645 1426 ante
668 1384 723 1445 per
756 1363 903 1444 longum,
936 1382 1008 1424 cum
1041 1362 1211 1423 dalmatica
1244 1378 1274 1423 et
1306 1362 1414 1423 subtili
1449 1362 1488 1422 dc

225 1471 337 1533 eadem
362 1471 493 1532 materia
518 1490 591 1531 cum
616 1471 713 1552 partis
744 1470 874 1531 aurietis
906 1469 1073 1546 decoratis,
1105 1468 1261 1529 subducte
1293 1487 1366 1530 cum
1391 1469 1485 1529 viridi

225 1577 372 1639 cendato

331 1684 419 1760 Item,
444 1683 506 1744 alia
530 1684 636 1744 casula
662 1682 701 1743 de
726 1695 887 1742 camorato
912 1681 1065 1742 deaurato
1083 1682 1123 1742 ad
1148 1680 1264 1762 figuras
1289 1681 1421 1742 leonum
1448 1680 1487 1740 de

225 1809 304 1851 auro
329 1803 359 1850 et
384 1789 463 1850 listis
487 1809 543 1871 per
567 1789 701 1870 longum
723 1801 882 1849 cumtexta
908 1807 980 1848 cum
1000 1786 1102 1847 friseis
1126 1787 1231 1848 aureis
1255 1801 1339 1848 retro
1364 1787 1394 1847 in
1420 1806 1488 1847 mo·

226 1895 302 1956 dum
328 1896 429 1956 crucis
454 1908 485 1956 et
508 1909 581 1956 ante
606 1915 661 1976 per
686 1895 832 1974 longum,
861 1893 1016 1955 subducta
1048 1913 1122 1963 eum
1147 1894 1208 1954 tela
1235 1893 1332 1955 blavii
1358 1893 1488 1956 coloris.

332 2001 421 2079 item,
445 2022 507 2063 una
533 2003 639 2063 casula
664 2002 703 2063 de
729 2001 908 2063 chamalato
926 2002 1038 2079 rubeo,
1063 2000 1184 2062 habens
1209 2020 1334 2062 crucem
1360 2022 1377 2062 a
1402 2015 1487 2062 retro

226 2108 332 2169 albam
357 2122 388 2170 et
412 2123 485 2170 aute
509 2128 565 2190 per
590 2108 735 2190 longum.

335 2216 423 2293 ltem,
447 2214 509 2276 alia
535 2216 641 2276 casula
667 2216 766 2277 rubea
783 2214 822 2276 de
841 2213 1032 2292 chamanto,
1050 2213 1170 2275 habens
1187 2229 1259 2276 ante
1284 2229 1314 2275 et
1332 2229 1416 2275 retro
1435 2234 1490 2296 per

228 2324 363 2402 longum
389 2335 494 2403 partas
517 2322 676 2403 antiquas.

463 2514 668 2595 Sequitur
695 2515 988 2576 inventarium
1021 2535 1256 2599 capparum.

336 2657 443 2717 Primo
469 2657 597 2717 inventa
622 2671 669 2718 est
694 2677 756 2718 una
788 2677 888 2739 cappa
913 2657 951 2718 de
984 2659 1092 2721 veluto
1125 2660 1237 2736 rubeo,
1261 2659 1383 2719 habens
1406 2659 1490 2718 auri·

229 2763 353 2825 frisium
379 2764 477 2824 latum
503 2777 533 2824 et
558 2763 692 2824 diversis
716 2764 920 2845 ymaginibus
943 2778 1127 2826 sanctorum
1152 2779 1345 2826 contextam.

335 2869 423 2948 item,
449 2869 510 2931 alia
535 2888 634 2951 cappa
667 2870 706 2931 de
738 2869 888 2931 damasco
922 2890 1002 2952 puro
1035 2891 1113 2932 auro
1147 2885 1293 2933 contexta
1320 2873 1350 2931 in
1375 2890 1491 2953 campo

230 2976 355 3053 blaveo,
381 2974 474 3035 viridi
500 2988 531 3036 et
555 2976 655 3038 rubeo
681 2976 712 3036 in
738 2990 825 3057 parte
843 2977 1012 3057 superiori,
1031 2996 1104 3038 cum
1130 2978 1230 3037 rubeo
1256 2976 1392 3038 cendato
1417 2977 1491 3037 sub·

230 3081 335 3158 ducta,
361 3081 476 3142 donata
503 3101 560 3163 per
583 3083 726 3162 reginam
751 3082 921 3146 seniorem.

337 3187 425 3265 Item,
450 3188 544 3248 aliam
571 3206 704 3269 cappam
729 3207 807 3248 auro
831 3200 1012 3249 contextam
1038 3208 1093 3270 per
1121 3201 1236 3265 totum,
1260 3188 1368 3249 subtili
1394 3207 1491 3269 opera

231 3293 356 3370 factam,
385 3292 533 3353 albedine
564 3294 706 3371 mixtam,
731 3293 852 3354 habens
873 3293 1067 3354 aurifrisium
1099 3295 1232 3374 longum
1262 3309 1292 3354 et
1309 3293 1489 3374 antiquum,

233 3400 383 3460 donatam
403 3419 459 3480 per
483 3399 651 3460 dominum
678 3399 815 3460 condam
840 3401 1012 3461 Nicolaum
1037 3401 1239 3481 episcopum.

337 3506 426 3583 item,
450 3506 512 3566 alia
537 3526 636 3587 cappa
662 3525 734 3568 cum
758 3505 918 3568 aurifrisio
936 3508 1070 3588 antiquo
1094 3507 1262 3569 continens
1287 3507 1317 3567 in
1343 3525 1375 3567 se
1404 3524 1490 3587 yma-

229 3613 320 3694 gines
344 3613 452 3672 avium
477 3632 571 3673 aurea
597 3613 699 3693 capita
724 3612 888 3691 habentes,
912 3617 1031 3695 absque
1057 3613 1263 3674 subductum.

338 3719 427 3796 Item,
452 3719 513 3778 aiia
539 3738 639 3800 cappa
664 3720 735 3780 alba
754 3739 826 3781 cum
845 3721 970 3781 meliori
990 3718 1162 3797 aurifrisi0,
1180 3719 1300 3780 babens
1324 3717 1492 3803 ymagines

231 3826 351 3906 aquille
376 3825 441 3885 duo
466 3826 568 3905 capita
582 3845 678 3886 aurea
697 3845 794 3886 uuum
815 3846 930 3906 corpus
947 3827 1126 3903 continens,
1143 3827 1263 3906 absque
1287 3825 1493 3887 subductum.

337 3931 425 4008 Item,
451 3930 512 3990 due
539 3950 636 4011 cappe
662 3932 764 3992 crocei
783 3932 911 4008 coloris,
937 3932 1031 3992 unius
1047 3931 1164 4012 operis,
1190 3951 1262 3991 cum
1288 3930 1493 3992 subducturis

232 4038 271 4098 de
296 4037 358 4098 tela
383 4038 480 4097 rubea
505 4056 625 4116 grossa,
651 4056 723 4098 cum
750 4036 845 4098 frisiis
869 4037 1028 4117 antiquis,
1058 4057 1118 4097 una
1145 4035 1183 4096 de
1207 4056 1285 4097 auro
1311 4051 1341 4097 et
1366 4037 1428 4098 alia
1453 4035 1493 4097 de

232 4144 333 4205 serico
362 4143 447 4203 albo.

338 4249 427 4326 Item,
452 4249 513 4309 alia
538 4269 637 4330 cappa
655 4250 738 4328 alba,
764 4251 839 4311 boni
865 4249 982 4331 operis,
1000 4251 1168 4311 continens
1192 4251 1359 4332 ymagines
1383 4251 1492 4311 avium

232 4367 262 4416 et
286 4353 498 4436 quarumdam
525 4355 708 4434 bestiarum,
733 4357 833 4416 rubeo
857 4354 1025 4433 subducta,
1050 4356 1192 4436 antiqua.

342 4459 430 4536 ltem,
457 4480 518 4520 una
544 4461 605 4521 alia
632 4481 731 4543 cappa
757 4461 796 4522 de
828 4461 929 4522 serico
960 4461 1063 4522 crocei
1096 4462 1212 4522 coloris
1236 4481 1307 4522 cum
1333 4461 1494 4525 aurifrisio

233 4566 367 4647 antiquo
392 4567 512 4627 scilicet
537 4567 744 4630 subductura.

340 4671 428 4751 Item,
453 4692 515 4734 una
533 4693 633 4757 cappa
656 4675 799 4757 preciosa
824 4674 864 4737 de
881 4674 1029 4737 ceteuiuo
1054 4677 1154 4744 rubeo
1179 4688 1326 4737 contexta
1351 4674 1390 4736 de
1414 4692 1494 4738 auro

233 4797 314 4863 puro
338 4798 410 4841 cum
442 4779 647 4863 ymaginibus
677 4780 805 4863 avium,
828 4781 975 4860 leonum,
1004 4780 1206 4862 capriolium,
1238 4800 1310 4844 cum
1343 4781 1495 4846 ruminet
