3428 5256
772 296 922 358 Rationes.

328 509 405 570 Item
437 508 509 570 dedi
544 509 664 571 Mathie
697 509 766 569 XIII
799 509 891 587 den,
923 510 978 591 qui
1011 509 1170 592 disposuit
1194 511 1405 595 capisterium
1433 517 1504 578 clr-

222 617 310 678 cuitu
336 615 470 678 luntem.

687 723 819 785 Summa
845 723 919 785 facit
944 723 981 784 III
1002 723 1067 785 'flor
1104 723 1130 785 C
1155 739 1186 785 et
1210 725 1338 786 XLVIII
1363 727 1444 791 den.

327 830 403 891 Item
430 829 503 890 dedi
529 829 682 911 magistro
708 830 836 893 Andrea
858 831 1059 912 carpentario
1083 830 1201 891 XXXII
1227 831 1311 912 den.,
1336 833 1395 914 qui
1421 835 1499 896 edi·

223 933 329 997 ficavit
354 936 440 1017 ligna
465 935 504 996 ad
529 950 669 1017 quatuor
692 934 825 1018 pixides,
850 956 930 1017 quas
954 937 1092 998 emimus
1115 957 1132 998 a
1156 938 1295 1018 gwrtlar.

327 1042 404 1104 Item
421 1042 495 1104 dedi
510 1043 625 1104 Milecz
639 1042 730 1105 fabro
745 1043 772 1105 C
786 1044 871 1121 den.‚
885 1044 939 1125 qui
954 1043 1111 1126 disposuit
1123 1042 1203 1105 serra
1217 1045 1256 1106 ad
1275 1045 1332 1109 CC
1344 1049 1498 1128 sagittas.

328 1149 404 1210 Item
430 1149 504 1211 dedi
530 1149 655 1211 Briccio
681 1148 771 1211 labro
799 1149 925 1211 LXVIII
955 1150 1040 1228 den„
1064 1151 1118 1231 qui
1153 1149 1311 1213 edificavit
1337 1152 1496 1217 CCCVII

223 1254 303 1316 ferra
328 1255 368 1316 ad
396 1255 534 1336 sagittas.

327 1362 404 1424 Item
430 1362 504 1424 dedi
522 1363 688 1424 Anthonio
705 1363 804 1424 sutori
823 1362 927 1443 jurato
947 1362 1005 1424 CX
1030 1363 1102 1424 den.
1121 1382 1179 1446 pro
1196 1363 1324 1425 duobus
1340 1365 1497 1426 curribus

220 1488 372 1547 asserum,
395 1470 513 1550 quibus
537 1469 643 1550 paravi
669 1470 889 1551 pagImentum
916 1469 947 1529 in
968 1477 1058 1530 'turre
1083 1488 1181 1549 penes
1205 1470 1389 1552 portellam.

327 1574 405 1636 Item
431 1575 504 1635 dedi
538 1575 631 1635 Petro
665 1574 809 1635 Herncer
840 1573 897 1634 XII
931 1574 1023 1653 den.,
1057 1575 1113 1656 qui
1146 1574 1307 1637 edificavit
1338 1573 1423 1637 ferra
1448 1578 1495 1639 ad

221 1680 278 1744 CC
303 1680 442 1762 sagittas.

326 1788 402 1848 Item
429 1787 609 1869 recepimus
632 1806 685 1848 sex
709 1787 815 1848 trabes
839 1785 878 1846 ad
897 1804 1024 1846 murum
1043 1786 1180 1847 civitatis
1204 1807 1220 1847 a
1244 1787 1336 1869 glore
1362 1787 1489 1850 Mathie

223 1910 400 1976 tergowecz
433 1912 491 1974 pro
526 1893 580 1953 LX
612 1893 685 1954 den.
723 1891 800 1953 Item
834 1911 851 1953 a
888 1891 1027 1953 Martino
1060 1891 1166 1953 iudice
1198 1892 1278 1953 duas
1301 1895 1406 1954 trabes
1429 1915 1492 1976 pro

222 2000 280 2060 XX
310 2000 383 2061 den.

327 2104 404 2166 Item
429 2103 502 2165 dedi
529 2102 679 2165 Domarci
706 2123 778 2164 cum
812 2124 877 2164 uno
901 2103 1001 2181 socio,
1034 2103 1088 2184 qui
1123 2104 1277 2165 conduxit
1302 2106 1400 2165 boves
1427 2107 1489 2168 do·

189 2223 194 2235 ·
222 2213 311 2272 mino
336 2211 425 2273 Bano
451 2210 490 2270 ad
509 2209 739 2271 Warasdinum
765 2208 968 2270 LXXXXIIII
995 2208 1067 2271 den.

326 2317 403 2379 Item
429 2315 559 2399 exposui
585 2333 680 2396 super
704 2315 814 2397 papira
838 2316 878 2376 ad
904 2317 1170 2377 communitatem
1195 2335 1253 2397 pro
1279 2317 1335 2378 LX
1360 2317 1435 2381 den.

801 2423 933 2483 Summa
958 2419 1034 2483 lacit
1067 2421 1091 2482 ll
1117 2422 1185 2485 flor.
1213 2423 1341 2483 LXXVI
1367 2423 1441 2488 den.

327 2527 404 2591 Item
430 2529 612 2610 reciperunt
637 2527 785 2589 Michaeli
815 2526 944 2607 pellifici
980 2547 1015 2587 ac
1042 2527 1177 2589 institori
1210 2530 1354 2609 quinque
1379 2532 1488 2592 trabes

220 2635 260 2696 ad
285 2654 412 2696 murum
438 2635 584 2713 civitatis,
608 2634 663 2716 qui
689 2631 917 2694 edificaverunt
941 2634 1041 2694 scalas
1064 2654 1123 2716 pro
1150 2635 1234 2695 LXX
1260 2635 1332 2699 den.

327 2741 402 2801 Item
427 2755 574 2802 tenemur
598 2740 764 2801 Anthonio
789 2739 886 2800 iudici
911 2759 969 2822 pro
998 2741 1106 2820 precio
1131 2742 1217 2821 equi,
1242 2761 1341 2823 quum
1368 2743 1484 2804 ambu-

220 2847 297 2907 lavit
321 2847 518 2908 Laurentius
543 2846 664 2908 iuratus
681 2865 753 2906 turn
773 2845 919 2906 Iohanne
938 2845 1042 2906 Iudice
1069 2846 1223 2906 Perouicz
1247 2847 1287 2907 ad
1313 2848 1483 2909 domiuum

222 2953 357 3031 Bonum,
367 2973 422 3034 per
432 2968 504 3014 octo
514 2953 592 3029 dies,
606 2971 661 3033 per
670 2951 741 3011 XVI
753 2951 850 3032 (den.)
861 2971 917 3034 per
941 2970 1040 3011 unum
1051 2949 1229 3028 diem,facit
1240 2952 1398 3014 CXXVIII
1409 2952 1487 3016 den.

327 3058 403 3119 Item
429 3058 566 3118 emimus
591 3076 690 3118 unum
724 3057 969 3138 capisteriuma
1002 3057 1170 3119 Clemente
1207 3058 1311 3119 Ceclta
1343 3077 1401 3140 pro
1426 3059 1485 3120 XL

220 3164 293 3226 den.
319 3165 358 3224 ad
384 3163 517 3225 luntem.

327 3271 404 3332 Item
429 3271 492 3330 emi
518 3270 556 3329 de
582 3268 656 3330 feno
681 3269 720 3329 ad
739 3269 1003 3330 communitatem
1028 3288 1086 3350 pro
1112 3268 1168 3331 CC
1194 3270 1266 3331 den.

328 3378 403 3438 Item
437 3395 494 3457 pro
531 3395 662 3435 munere
700 3374 851 3456 Stephani
888 3375 1015 3436 comitis
1056 3375 1144 3437 dedit
1176 3376 1269 3437 iudex
1309 3376 1318 3436 I
1351 3374 1419 3436 flor.
1453 3390 1487 3438 et

220 3482 340 3543 XXXX
365 3483 437 3541 den.

644 3567 775 3628 Summa
801 3567 874 3628 lacit
900 3567 909 3627 I
935 3567 1004 3629 flor.
1038 3568 1278 3630 CCCCXXXX
1305 3570 1377 3630 den.

643 3674 774 3734 Summa
793 3693 1013 3755 sumpmarum
1033 3674 1135 3735 tocius
1165 3675 1337 3755 superioris
1361 3673 1485 3754 registri

642 3777 715 3840 lacit
740 3779 854 3840 CXXII
880 3779 949 3843 flor.
974 3794 1004 3840 et
1029 3779 1147 3840 XXXX
1172 3761 1243 3842 den..

328 3887 403 3947 Item
430 3886 524 3946 iudex
557 3886 707 3945 remansit
744 3887 869 3947 debitor
905 3888 935 3946 in
973 3888 1100 3946 racione
1138 3886 1273 3946 ciritatis
1311 3886 1319 3945 l
1356 3884 1425 3947 flor.
1452 3900 1482 3945 et

223 3992 337 4052 LXXX
371 3993 443 4054 den.

327 4099 402 4159 Item
429 4099 502 4158 dedi
536 4118 593 4179 pro
624 4111 694 4159 taxa
731 4098 854 4158 domini
893 4099 975 4179 regis
1008 4097 1160 4178 magistro
1194 4096 1365 4158 Francisco
1400 4096 1483 4158 Kara

221 4204 370 4267 CCXXX
396 4204 465 4266 flor.

328 4312 403 4372 Item
430 4311 502 4372 dedi
537 4313 670 4388 civibus,
706 4313 760 4393 qui
795 4325 1020 4373 concesserunt
1054 4309 1223 4392 pecuniam
1258 4311 1481 4371 communitati

221 4416 367 4479 CXXVII
393 4416 460 4479 flor.

327 4523 403 4584 Item
430 4537 555 4583 tenetur
580 4523 657 4583 mihi
684 4523 898 4584 communitas
931 4521 1014 4585 VIIII
1040 4520 1120 4601 don,
1154 4541 1235 4604 quos
1260 4541 1480 4583 concesseram

220 4629 260 4690 ad
284 4630 412 4691 dacium
438 4630 520 4709 regis
544 4630 778 4694 communitati.

327 4735 403 4797 Item
428 4734 529 4797 Paulo
554 4735 664 4798 Italico
684 4748 812 4798 tenetur
836 4736 937 4799 eciem
962 4732 1016 4799 llll
1040 4735 1112 4800 flor.

744 4872 958 4893 ——0-0—
