3428 5256
778 331 933 397 Rationes.
1424 356 1483 418 271

332 551 446 612 Eidem
472 549 511 611 ad
536 569 691 632 expensas
714 549 780 610 dati
804 562 878 610 sunt
902 564 1019 610 eotunc
1113 550 1172 612 sol.
1200 537 1248 629 les

333 658 410 719 Item
436 656 550 718 eadem
582 655 659 718 feria
693 656 789 717 tercia
822 654 961 718 Chasme
992 653 1139 717 Michaeli
1171 655 1289 718 Ozorai
1324 655 1388 716 dati
1414 669 1488 718 sunt

223 783 282 846 pro
308 763 454 826 subsidio
472 813 479 826 .
555 762 614 825 sol.
637 760 688 824 Xe.

127 857 130 862 ⁴
332 869 470 933 iohanni
496 870 642 953 Vyragos
659 919 666 932 .
684 920 690 934 .
708 917 716 932 .
731 869 790 933 sol.
814 868 863 932 11⁶.

329 975 489 1059 Gregorio
515 975 611 1059 Hany
628 1021 636 1038 .
654 1024 688 1040 ..
720 975 780 1038 sol.
808 974 857 1039 ll‘.

327 1081 405 1145 ltem
431 1083 546 1144 eodem
572 1083 624 1145 die
649 1102 705 1165 per
730 1083 941 1145 Benedictum
959 1084 1170 1147 castellanum
1189 1087 1259 1148 misi
1278 1087 1318 1148 ad
1337 1086 1496 1170 Garygh:‘

211 1269 214 1274 Ι
268 1193 277 1211 ‘
329 1188 479 1250 Michaeli
504 1187 641 1270 pixidari
659 1236 667 1251 .
685 1237 717 1252 ..
742 1188 801 1251 sol.
827 1189 863 1252 L.

329 1295 464 1356 Alberto
493 1293 640 1356 Chanadi
655 1342 663 1357 .
681 1344 688 1357 .
707 1343 714 1357 .
736 1295 795 1357 sol.
820 1295 855 1358 L.

328 1401 423 1463 Petro
447 1401 591 1464 Leweldi
609 1451 616 1465 .
635 1449 665 1465 ..
688 1402 748 1464 sol.
774 1402 810 1465 L.

328 1508 467 1570 lohanni
494 1507 588 1569 Pechi
603 1557 654 1573 ...
677 1509 735 1573 sol.
761 1509 796 1572 L.

327 1614 466 1676 Johanni
492 1614 611 1696 Zegedi
630 1664 637 1676 .
655 1661 689 1679 ..
714 1615 772 1679 sol.
798 1615 833 1678 L.

329 1719 436 1782 BIesio
460 1719 619 1785 Daar...
648 1721 697 1783 sol
734 1721 769 1782 L.

326 1825 404 1889 ltem
429 1827 543 1888 eadem
568 1826 620 1888 die
645 1826 719 1889 dedi
744 1826 902 1888 Chasme:

328 1931 471 2014 Georgio
495 1933 593 2015 Nyari
611 1981 619 1995 .
634 1979 666 1996 ..
691 1933 749 1998 sol.
777 1932 829 1994 110.

327 2038 462 2100 Nicolao
479 2037 587 2099 hwzar
605 2086 611 2099 .
630 2087 637 2101 .
656 2085 662 2100 .
686 2037 746 2100 sol.
772 2037 808 2113 l..

328 2143 467 2205 Martino
492 2143 704 2205 curriductori
723 2190 730 2206 .
749 2189 781 2207 ..
804 2144 863 2206 sol.
889 2142 927 2206 10.

327 2246 405 2310 ltem
431 2248 509 2311 feria
534 2250 646 2331 quinta
672 2250 703 2312 in
729 2249 810 2312 lesto
828 2249 984 2311 Anthonii
1009 2249 1084 2312 dedi
1103 2249 1242 2312 Chasme
1269 2251 1419 2314 Ladislao
1445 2252 1484 2313 de

228 2355 392 2440 Byztricze
409 2403 416 2418 .
432 2404 441 2421 .
458 2407 466 2420 .
490 2357 548 2420 sol.
571 2355 620 2418 110.

329 2463 450 2524 lacobo
474 2463 513 2524 de
539 2461 709 2545 Korythno
726 2510 733 2524 .
751 2508 783 2524 ..
807 2461 864 2526 sol.
888 2460 935 2526 ll‘.

330 2569 460 2631 Andree
479 2567 592 2651 pistori
617 2569 766 2630 castrensi
785 2619 791 2632 .
809 2614 842 2630 ..
866 2569 925 2631 sol.
950 2567 1020 2632 XX.

330 2676 407 2738 Item
442 2676 591 2736 miseram
625 2675 753 2736 Petrum
780 2674 868 2737 Oroz
901 2675 983 2738 circa
1016 2676 1171 2739 Mathiam
1205 2676 1413 2738 castellanum
1446 2678 1486 2739 ad

192 2807 195 2812 ·
224 2782 433 2862 Crncbinocz,
458 2782 531 2844 dedi
557 2783 585 2843 ei
610 2782 650 2844 ad
669 2802 824 2865 expensas
841 2834 847 2847 .
866 2833 873 2845 .
894 2833 900 2846 .
925 2783 983 2848 sol.
1008 2781 1072 2847 Xll.

327 2887 404 2951 ltem
430 2888 508 2951 dum
534 2887 579 2950 lui
605 2889 636 2949 in
663 2888 819 2951 Zerdahel
844 2889 930 2971 apud
955 2890 1137 2967 dominum,
1163 2890 1284 2953 ibidem
1309 2890 1383 2953 dedi
1409 2911 1487 2973 pau·

224 2995 353 3077 peribus
378 2994 609 3057 mendicis...
634 2995 694 3056 sol.
721 2994 758 3055 V.

328 3099 407 3163 ltem
432 3099 510 3162 feria
534 3115 621 3162 sexta
639 3100 774 3162 domino
791 3099 993 3182 suffraganeo
1007 3101 1047 3163 ad
1065 3116 1193 3163 octavas
1217 3102 1395 3165 Crisienaae
1411 3103 1486 3166 dedi

223 3228 282 3290 pro
306 3208 527 3290 expensis...
561 3207 619 3269 sol.
646 3204 695 3272 ll‘.

327 3313 405 3377 ltem
432 3314 593 3377 Clementi
619 3315 730 3396 pistori
756 3316 795 3375 de
816 3315 961 3378 Dornbro
986 3315 1024 3377 ad
1042 3330 1148 3378 taram
1174 3317 1314 3397 regalem
1340 3318 1486 3382 dedi

223 3420 282 3483 sol.
309 3420 345 3484 L.

329 3527 470 3600 Quando
495 3526 646 3588 dominus
670 3527 798 3588 recessit
822 3546 860 3588 ex
884 3525 1034 3605 Chasma,
1060 3528 1124 3589 emi
1150 3528 1262 3610 pisces,
1287 3548 1369 3611 quos
1393 3549 1485 3612 cepe·

225 3648 299 3695 runt
323 3652 394 3694 cum
420 3632 555 3694 domino
580 3632 763 3714 aquodam
789 3632 921 3695 bomine
946 3632 986 3694 de
1014 3648 1122 3695 sancta
1147 3633 1262 3712 cruce,
1287 3635 1389 3717 pisces
1414 3686 1420 3699 .
1446 3685 1453 3700 .
1478 3685 1486 3701 .

223 3740 282 3805 sol.
308 3740 343 3802 1⁰.

330 3851 358 3907 Α
383 3847 537 3931 Theryan
562 3848 711 3910 similiter
735 3847 913 3929 pisces...
937 3847 997 3911 sol.
1023 3846 1120 3912 LXX.

332 3957 357 4012 Α
384 3952 557 4016 Valentino
582 3953 621 4015 de
647 3954 821 4035 Zwynarcz
844 3953 1022 4036 pisces...
1048 3954 1107 4016 sol.
1134 3954 1169 4017 L.

319 4062 357 4118 Ἀ
383 4059 502 4143 Raslyn
527 4061 677 4142 pisces..
700 4109 707 4123 .
730 4058 789 4123 sol.
813 4057 865 4123 Xl.

329 4162 405 4226 ltem
431 4185 504 4226 cum
529 4166 682 4227 dominus
700 4165 869 4227 Ladislaus
885 4167 988 4227 banus
1011 4163 1071 4228 fuit
1088 4166 1228 4229 Cbasme
1253 4186 1326 4229 cum
1351 4170 1486 4232 domino

224 4269 284 4333 leci
309 4290 415 4333 emere
440 4273 581 4334 butirum
608 4288 638 4334 et
663 4273 710 4335 lac
728 4324 734 4336 .
752 4319 785 4335 ..
811 4273 869 4335 sol.
895 4271 976 4335 XVl.

330 4377 407 4439 ltem
432 4380 607 4440 sartoribus
631 4379 691 4441 leci
716 4398 822 4442 emere
847 4377 899 4440 fila
918 4428 925 4442 .
945 4427 978 4442 ..
1003 4379 1062 4441 sol.
1086 4379 1124 4442 V.

329 4483 407 4546 ltem
433 4505 490 4567 pro
515 4487 653 4569 coquina
684 4485 808 4548 domini
834 4499 864 4547 et
896 4486 997 4546 eciam
1030 4486 1118 4567 quod
1150 4500 1317 4568 acceptum
1342 4501 1388 4549 est
1413 4507 1485 4548 cum

225 4589 374 4668 domino,
399 4591 461 4652 emi
488 4592 706 4655 butirum...
730 4592 789 4653 sol.
814 4589 897 4655 XXl.

328 4693 405 4759 ltem
430 4698 563 4760 sabbato
595 4698 669 4760 dedi
702 4697 924 4781 prebendariis
956 4716 1015 4779 pro
1047 4697 1249 4759 celebrandis
1280 4699 1385 4762 missis
1413 4752 1414 4757 ,
1443 4747 1451 4764 .
1478 4748 1484 4761 .

222 4801 283 4866 eol.
313 4799 347 4867 1.
