3428 5256
826 1375 938 1455 Xllll.

245 1587 382 1688 (Anno)
417 1586 791 1705 151331nventariun
820 1590 974 1667 ecclesie
1004 1592 1118 1666 sancti
1135 1591 1306 1691 johannis
1343 1590 1510 1689 Baptiste

511 1713 544 1787 in
573 1711 679 1789 Nova
706 1713 789 1789 villa
825 1714 1058 1814 zagrabiensi
1086 1714 1247 1790 fundate.

350 1939 428 2001 ltem
453 1940 557 2022 primo
582 1953 733 2020 quattuor
754 1940 869 2002 calices
893 1959 966 2002 cum
989 1940 1141 2001 omnibus
1165 1940 1357 2003 attinenciis.

352 2046 425 2108 Una
449 2066 524 2108 crux
549 2061 698 2128 argentea
723 2045 874 2107 deaurata
898 2066 971 2108 cum
997 2046 1151 2128 reliquiis.

352 2151 424 2214 Una
450 2151 664 2213 Monstrancia
689 2171 806 2234 cuprea
830 2171 903 2213 curn
928 2151 1083 2233 reliquiis.

352 2257 458 2320 Unam
483 2258 624 2340 pixidem
648 2277 799 2340 cupream
824 2258 1010 2320 deauratam
1043 2257 1083 2318 ad
1107 2257 1301 2340 portandum
1328 2276 1508 2318 sacramen·

245 2376 313 2425 tum
338 2363 378 2425 ad
403 2363 557 2427 infirmos.

351 2469 385 2531 ln
410 2471 523 2534 eadem
549 2471 656 2553 pixide
680 2485 728 2532 est
751 2491 848 2553 parva
867 2470 1021 2533 scutelula
1040 2469 1079 2530 de
1097 2483 1240 2552 argento,
1267 2469 1306 2532 de
1334 2491 1400 2553 qua
1416 2471 1510 2532 datur

246 2573 381 2637 infirmis
404 2579 515 2639 bibere
539 2591 612 2659 post
635 2591 879 2639 sacramentum.

351 2682 423 2745 Una
447 2703 543 2765 parva
568 2683 650 2763 pixis
673 2681 713 2744 de
737 2698 869 2764 argento
893 2701 952 2764 pro
975 2692 1184 2743 sacramento.

350 2787 422 2850 Una
449 2790 542 2850 bursa
566 2807 625 2869 pro
649 2803 850 2849 sacramento
876 2807 1047 2870 purpurea.

352 2892 461 2955 Unum
488 2893 615 2955 Missale
641 2894 671 2954 in
697 2913 906 2976 pargameno,
941 2892 1119 2955 secundum
1154 2893 1281 2954 Missale
1307 2893 1347 2954 ad
1373 2893 1507 2954 modum

245 2998 477 3078 strigoniensis.

352 3105 506 3166 Tercium
535 3104 663 3166 Missale
688 3123 809 3165 novum
828 3105 1006 3186 inpressum
1032 3104 1072 3165 ad
1089 3104 1223 3165 modum
1251 3104 1340 3165 istius
1364 3102 1508 3165 ecclesie.

352 3209 460 3272 Unum
487 3210 637 3271 Manuale
662 3210 694 3270 in
720 3229 927 3291 pargameno.

351 3315 461 3377 Unum
487 3316 660 3393 Graduale‚
685 3315 751 3377 duo
775 3315 1021 3397 Antiphonaria.

351 3422 460 3485 Unum
485 3422 713 3506 Hymnionale.

351 3528 460 3591 Unum
486 3529 674 3592 Psalterium
699 3548 833 3611 parvum
858 3543 888 3590 et
911 3529 1081 3610 antiquum
1108 3529 1138 3589 in
1165 3529 1287 3609 papiro.

352 3633 494 3696 Ornatus
517 3633 730 3696 sacerdotales
753 3648 827 3696 sunt
850 3650 913 3696 tres
938 3636 1014 3696 boni
1040 3649 1071 3694 et
1095 3634 1221 3715 optimi.

352 3740 425 3802 Duo
449 3757 580 3803 ornatus
604 3741 702 3801 veter'i
727 3741 848 3802 nullius
872 3741 1029 3802 utilitatis.

352 3848 468 3930 Mappe
493 3849 524 3909 in
549 3861 617 3909 toto
641 3846 708 3910 Xll.

352 3954 551 4034 Manutergia
579 3966 653 4014 sunt
676 3952 716 4017 X.

351 4059 460 4122 Unum
484 4059 759 4143 superpellicium.

351 4165 460 4228 Unum
485 4167 646 4230 viaticum.

350 4273 432 4334 Tres
456 4273 546 4335 litere
571 4272 862 4355 indulgenciarum.

350 4379 482 4441 Ferrum
508 4381 547 4441 ad
571 4379 755 4461 pistandum
780 4377 913 4440 oblatas.

349 4487 457 4550 Unum
483 4500 574 4549 vetus
599 4486 811 4548 Breviarium.

348 4593 452 4656 Unam
479 4594 588 4654 cistam
613 4612 671 4675 pro
698 4588 946 4653 conservacione
971 4607 1077 4651 terum
1102 4589 1248 4653 ecclesie.

347 4699 457 4762 Unum
481 4698 641 4760 scrineum
665 4697 706 4760 ad
730 4695 790 4759 XX
815 4712 939 4760 coreot.

347 4804 426 4869 Tria
449 4818 567 4889 tapeta,
592 4804 658 4867 duo
680 4802 769 4883 vilia,
795 4799 931 4865 tercium
956 4799 1084 4867 metius

767 4924 981 4951 ..n-0..—
