3428 5256
229 333 288 413 184
755 337 934 399 laventaria.

223 560 336 625 patena
361 546 508 608 slmiliter
533 566 627 607 aurea
652 559 683 607 et
707 546 786 607 duas
814 567 928 628 parvas
961 566 1070 608 cruces
1095 547 1126 607 In
1151 547 1217 608 suis
1242 549 1377 610 burselis
1400 551 1500 614 simi-

222 650 294 711 liter
317 671 429 712 aureas
453 671 524 712 cum
551 671 610 712 suo
635 653 806 733 corporaII.

328 756 406 818 Item
431 778 527 819 unam
547 758 687 819 casulam
706 777 835 818 auream
853 777 926 819 cum
944 759 1096 819 omnibus
1113 759 1178 820 suis
1202 760 1394 840 attinenciis,
1412 781 1495 824 cum

223 881 315 923 cruce
340 877 500 943 gemmata
526 877 555 924 et
581 863 726 945 insigniis
750 863 873 924 domIni
899 863 1037 925 condam
1064 863 1199 926 Osualdi
1224 866 1393 946 signatam.

328 968 405 1029 Item
431 969 527 1030 allam
552 970 690 1030 casulam
716 968 864 1030 similiter
886 988 1014 1030 auream
1041 988 1112 1029 cum
1137 969 1203 1031 suis
1226 971 1407 1032 attinenciis
1431 991 1495 1053 per

223 1074 467 1155 Sigiamundum
493 1074 680 1155 episcopum
716 1073 1076 1155 Quinqueecclesiensis
1099 1075 1232 1137 ecclesie
1257 1076 1419 1137 donatam.

329 1180 406 1241 Item
442 1179 481 1240 ad
515 1180 650 1240 eandem
684 1180 794 1241 cistam
828 1181 996 1261 posuimus
1027 1199 1124 1241 unam
1160 1182 1300 1242 casulam
1324 1201 1397 1243 cum
1421 1184 1494 1244 suis

221 1286 412 1363 attinenciis,
438 1286 477 1346 de
502 1285 575 1346 alba
600 1287 757 1363 kamwka,
789 1304 868 1346 auro
901 1285 1018 1363 thexta,
1051 1286 1172 1367 optIma
1205 1300 1236 1346 et
1264 1305 1359 1365 nova,
1384 1300 1415 1348 et
1439 1289 1490 1349 in·

221 1411 316 1474 super
340 1411 440 1452 unum
464 1391 654 1473 (hlumerale
679 1405 890 1471 gemmatum.

328 1497 406 1558 Item
439 1497 478 1558 ad
512 1497 648 1558 eandem
681 1497 792 1558 cistam
824 1495 992 1577 posuimus
1026 1496 1166 1557 casulam
1203 1516 1398 1580 purpuream
1429 1518 1493 1580 per

222 1601 360 1664 condam
385 1601 576 1664 Michaelem
602 1602 800 1683 prepositum
826 1601 958 1663 ecclesie
976 1600 1094 1678 datam,
1120 1617 1150 1663 et
1163 1602 1309 1685 Insigniis
1332 1605 1397 1665 suis
1421 1603 1489 1686 sig-

222 1722 340 1787 natam,
365 1729 438 1770 cum
462 1709 614 1770 omnibus
638 1709 703 1769 suis
727 1707 919 1771 attinenciis.

328 1814 405 1875 Item
430 1815 470 1876 ad
495 1815 630 1876 eandem
666 1815 775 1876 cistam
809 1815 977 1897 posuimus
1009 1813 1088 1874 duas
1119 1814 1242 1896 pellves
1265 1816 1414 1897 optImas,
1437 1836 1489 1879 ar-

221 1933 363 2001 genteas.

328 2026 404 2088 Item
430 2025 551 2086 ibidem
575 2025 743 2107 posuimus
767 2025 882 2087 calices
906 2045 978 2088 cum
1004 2046 1060 2087 sua
1078 2038 1194 2109 patena
1218 2040 1347 2088 etcum
1372 2046 1488 2110 corpo·

222 2132 291 2211 rali,
316 2133 454 2195 condam
479 2131 602 2192 domini
629 2131 776 2210 Osualdi,
803 2151 923 2193 novum
958 2146 988 2193 et
1020 2132 1192 2213 optimum,
1224 2131 1411 2194 deauratum
1437 2153 1487 2195 ar·

221 2253 385 2321 mmmm

327 2345 405 2407 Item
430 2345 469 2406 ad
495 2345 629 2407 eandem
656 2345 767 2406 cistam
792 2345 959 2427 posuimus
984 2344 1063 2405 duas
1092 2363 1191 2424 cupas
1214 2363 1347 2425 magnas
1370 2364 1485 2427 argen-

221 2467 298 2532 teas,
322 2452 500 2530 deauratas,
526 2472 598 2514 cum
623 2452 689 2512 suis
706 2451 916 2534 coopertoriis
936 2471 993 2532 per
1009 2450 1148 2512 eundem
1172 2450 1342 2512 domiuum
1368 2450 1484 2513 Osual-

222 2559 299 2620 dum
324 2559 509 2640 episcopum
535 2578 593 2640 pro
618 2557 810 2619 solennitate
835 2556 924 2619 Cene
951 2557 1082 2618 Domini
1108 2557 1238 2637 legatas.

327 2665 405 2726 Item
430 2665 598 2746 posuimus
622 2663 741 2724 ibidem
767 2663 897 2724 terciam
916 2682 1031 2744 cupam
1063 2675 1258 2743 argenteam,
1283 2662 1482 2743 deauratam,

222 2790 293 2833 cum
318 2790 377 2832 suo
401 2770 583 2852 copertorio
608 2788 681 2830 cum
706 2768 842 2830 condam
868 2769 1084 2851 Alphonsium
1117 2768 1315 2850 prepositum
1348 2769 1482 2833 ecclesie

222 2877 340 2940 datam.

328 2981 405 3044 Item
432 2982 551 3043 ibidem
577 2981 744 3064 posuimus
769 2999 867 3041 unam
884 2980 1024 3041 casulam
1054 2981 1160 3042 albam
1186 2981 1225 3042 de
1249 2981 1386 3043 attblacz
1410 3001 1483 3042 com

221 3107 286 3149 uno
311 3086 466 3148 humerali
491 3100 522 3148 et
553 3106 619 3148 uno
643 3085 810 3167 manipulo
835 3105 908 3146 cum
932 3105 1023 3146 cruce
1048 3105 1155 3164 aurea,
1181 3087 1331 3168 iusignita
1355 3087 1482 3168 signeto

222 3193 345 3254 domIni
371 3192 505 3253 Osualdi
532 3192 683 3274 episcopi.

328 3298 405 3360 Item
431 3318 531 3359 unum
565 3317 699 3380 parvum
732 3296 839 3358 velum
872 3296 911 3357 de
944 3295 1092 3376 atthlacz,
1124 3317 1212 3359 more
1238 3297 1380 3360 musaico
1404 3315 1484 3359 auro

223 3420 383 3469 ornatum.

327 3512 405 3573 Item
431 3510 549 3571 ibidem
575 3511 743 3592 posuimus
768 3530 865 3571 unam
891 3509 1030 3571 casulam
1057 3529 1129 3571 cum
1155 3511 1307 3574 omnibus
1331 3511 1396 3572 suis
1412 3510 1483 3573 atti·

222 3618 344 3679 nenciis
368 3618 406 3678 de
432 3637 571 3699 purpura
596 3617 717 3699 optima
743 3617 921 3699 pawonacii
957 3616 1084 3695 coloris,
1109 3637 1183 3679 cum
1209 3617 1334 3680 duabus
1357 3616 1483 3695 strictis,

221 3724 367 3785 sImiliter
391 3724 569 3805 purpureis,
594 3723 741 3784 similiter
765 3722 908 3783 eiusdem
934 3723 1060 3786 coloris.

328 3829 404 3890 Item
429 3829 468 3889 ad
483 3828 617 3889 eandem
637 3829 746 3889 cistam
763 3829 931 3909 posuimus
948 3848 1048 3889 unum
1067 3827 1264 3890 crucifixum
1282 3842 1481 3909 argenteum,

222 3935 421 4014 deauratum,
447 3954 518 3996 cum
545 3935 683 4016 imagine
711 3933 922 4015 Maghdalene
947 3935 1095 3997 similiter
1118 3935 1279 3997 deaurata.
1398 3912 1402 3920 ¹

330 4040 405 4102 Item
430 4043 596 4123 posuimus
621 4042 741 4103 ibidem
761 4042 840 4102 duas
864 4060 984 4123 cuppas
1001 4042 1150 4122 optimas,
1168 4039 1348 4122 dupplatas,
1372 4059 1484 4123 argen-

222 4162 288 4209 teas
312 4164 342 4209 et
365 4148 543 4226 deauratas,
568 4148 606 4209 ad
633 4147 755 4210 Cenem
782 4148 914 4209 Domini
939 4149 1145 4230 pertinentes.

327 4254 405 4316 Item
431 4255 496 4316 duo
522 4254 712 4315 candelabra
738 4255 862 4316 minora
881 4267 1031 4335 argentea
1052 4254 1167 4336 partlm
1192 4272 1270 4314 auro
1288 4268 1410 4331 ornata,
1436 4254 1482 4314 in·

222 4361 334 4441 signiis
359 4361 482 4422 domini
508 4361 654 4423 Osualdi.

329 4466 406 4528 Item
441 4487 535 4528 unam
570 4469 710 4530 casulam
743 4481 927 4529 veteranam
963 4467 1003 4528 de
1036 4465 1157 4550 optima
1198 4484 1338 4549 purpura
1374 4467 1484 4544 rubea,

227 4574 348 4654 absque
370 4573 435 4635 suis
458 4574 648 4652 attinenciis,
674 4587 704 4635 et
727 4593 828 4637 unum
853 4593 988 4655 parvum
1013 4571 1122 4635 velum
1146 4571 1187 4635 de
1210 4570 1348 4635 atthlaca
1372 4572 1483 4635 rubea.

330 4681 405 4741 Item
434 4680 473 4740 ad
499 4680 634 4741 eandem
660 4680 769 4742 cistam
795 4679 963 4762 posuimus
979 4697 1077 4741 unam
1101 4676 1243 4741 casulam
1266 4679 1411 4754 rubeam,
1428 4696 1483 4738 au·

225 4799 336 4869 ratam,
361 4799 557 4866 veteranam,
581 4787 736 4872 optimam
761 4787 883 4873 absque
906 4784 972 4848 suis
995 4780 1185 4849 attinenciis.
