<?xml version="1.0" encoding="UTF-8"?>
<!DOCTYPE html PUBLIC "-//W3C//DTD XHTML 1.0 Transitional//EN"
    "http://www.w3.org/TR/xhtml1/DTD/xhtml1-transitional.dtd">
<html xmlns="http://www.w3.org/1999/xhtml" xml:lang="en" lang="en">
 <head>
  <title>
</title>
<meta http-equiv="Content-Type" content="text/html;charset=utf-8" />
  <meta name='ocr-system' content='tesseract 3.04.00' />
  <meta name='ocr-capabilities' content='ocr_page ocr_carea ocr_par ocr_line ocrx_word'/>
</head>
<body>
  <div class='ocr_page' id='page_1' title='image "./monumentahistor02laszgoog_0137.png"; bbox 0 0 3428 5256; ppageno 0'>
   <div class='ocr_carea' id='block_1_1' title="bbox 615 1344 1126 1450">
    <p class='ocr_par' dir='ltr' id='par_1_1' title="bbox 615 1344 1126 1450">
     <span class='ocr_line' id='line_1_1' title="bbox 615 1344 1126 1450; baseline 0.004 -14"><span class='ocrx_word' id='word_1_1' title='bbox 615 1348 742 1445; x_wconf 85' lang='lat' dir='ltr'><strong>(Auno</strong></span> <span class='ocrx_word' id='word_1_2' title='bbox 771 1347 927 1436; x_wconf 82' lang='lat' dir='ltr'><strong>Domini</strong></span> <span class='ocrx_word' id='word_1_3' title='bbox 954 1344 1126 1450; x_wconf 82' lang='lat' dir='ltr'><strong>MDllll.)</strong></span> 
     </span>
    </p>
   </div>
   <div class='ocr_carea' id='block_1_2' title="bbox 246 1686 1512 2275">
    <p class='ocr_par' dir='ltr' id='par_1_2' title="bbox 246 1686 1512 1788">
     <span class='ocr_line' id='line_1_2' title="bbox 246 1686 1512 1788; baseline 0 -26"><span class='ocrx_word' id='word_1_4' title='bbox 246 1687 335 1763; x_wconf 86' lang='lat' dir='ltr'><strong>Item</strong></span> <span class='ocrx_word' id='word_1_5' title='bbox 377 1688 410 1762; x_wconf 93' lang='lat' dir='ltr'><strong>in</strong></span> <span class='ocrx_word' id='word_1_6' title='bbox 454 1711 547 1762; x_wconf 86' lang='lat' dir='ltr'><strong>anno</strong></span> <span class='ocrx_word' id='word_1_7' title='bbox 591 1686 734 1762; x_wconf 89' lang='lat' dir='ltr'>Domini</span> <span class='ocrx_word' id='word_1_8' title='bbox 777 1688 965 1762; x_wconf 94' lang='lat' dir='ltr'><strong>millesimo</strong></span> <span class='ocrx_word' id='word_1_9' title='bbox 1011 1688 1301 1787; x_wconf 86' lang='lat' dir='ltr'><strong>quingentesimo</strong></span> <span class='ocrx_word' id='word_1_10' title='bbox 1344 1688 1512 1788; x_wconf 86' lang='lat' dir='ltr'><strong>septimo,</strong></span> 
     </span>
    </p>

    <p class='ocr_par' dir='ltr' id='par_1_3' title="bbox 247 1811 1508 1912">
     <span class='ocr_line' id='line_1_3' title="bbox 247 1811 1508 1912; baseline 0 -25"><span class='ocrx_word' id='word_1_11' title='bbox 247 1821 411 1910; x_wconf 87' lang='lat' dir='ltr'><strong>ternpore</strong></span> <span class='ocrx_word' id='word_1_12' title='bbox 439 1811 608 1887; x_wconf 87' lang='lat' dir='ltr'><strong>videlicet</strong></span> <span class='ocrx_word' id='word_1_13' title='bbox 635 1813 737 1912; x_wconf 87' lang='lat' dir='ltr'><strong>primi</strong></span> <span class='ocrx_word' id='word_1_14' title='bbox 760 1811 942 1908; x_wconf 87' lang='lat' dir='ltr'><strong>judicatus</strong></span> <span class='ocrx_word' id='word_1_15' title='bbox 977 1813 1226 1911; x_wconf 86' lang='lat' dir='ltr'><strong>circumspecti</strong></span> <span class='ocrx_word' id='word_1_16' title='bbox 1257 1824 1295 1887; x_wconf 89' lang='lat' dir='ltr'><strong>et</strong></span> <span class='ocrx_word' id='word_1_17' title='bbox 1324 1812 1508 1910; x_wconf 84' lang='lat' dir='ltr'><strong>prudentis</strong></span> 
     </span>
    </p>

    <p class='ocr_par' dir='ltr' id='par_1_4' title="bbox 247 1933 1510 2034">
     <span class='ocr_line' id='line_1_4' title="bbox 247 1933 1510 2034; baseline 0.002 -25"><span class='ocrx_word' id='word_1_18' title='bbox 247 1935 311 2010; x_wconf 91' lang='lat' dir='ltr'><strong>viri</strong></span> <span class='ocrx_word' id='word_1_19' title='bbox 340 1933 510 2033; x_wconf 84' lang='lat' dir='ltr'>Gregorii</span> <span class='ocrx_word' id='word_1_20' title='bbox 548 1933 608 2009; x_wconf 83' lang='lat' dir='ltr'><strong>filii</strong></span> <span class='ocrx_word' id='word_1_21' title='bbox 646 1934 812 2026; x_wconf 88' lang='lat' dir='ltr'><strong>Andree,</strong></span> <span class='ocrx_word' id='word_1_22' title='bbox 850 1936 1010 2011; x_wconf 92' lang='lat' dir='ltr'><strong>moderni</strong></span> <span class='ocrx_word' id='word_1_23' title='bbox 1043 1934 1173 2032; x_wconf 90' lang='lat' dir='ltr'><strong>judicis</strong></span> <span class='ocrx_word' id='word_1_24' title='bbox 1202 1937 1328 2026; x_wconf 87' lang='lat' dir='ltr'>nostri,</span> <span class='ocrx_word' id='word_1_25' title='bbox 1358 1959 1510 2034; x_wconf 85' lang='lat' dir='ltr'><strong>presens</strong></span> 
     </span>
    </p>

    <p class='ocr_par' dir='ltr' id='par_1_5' title="bbox 248 2059 1509 2275">
     <span class='ocr_line' id='line_1_5' title="bbox 248 2059 1509 2160; baseline 0.001 -26"><span class='ocrx_word' id='word_1_26' title='bbox 248 2068 457 2158; x_wconf 86' lang='lat' dir='ltr'><strong>quaternum</strong></span> <span class='ocrx_word' id='word_1_27' title='bbox 486 2068 524 2134; x_wconf 88' lang='lat' dir='ltr'><strong>et</strong></span> <span class='ocrx_word' id='word_1_28' title='bbox 552 2059 798 2157; x_wconf 90' lang='lat' dir='ltr'><strong>conscriptum</strong></span> <span class='ocrx_word' id='word_1_29' title='bbox 828 2059 935 2134; x_wconf 94' lang='lat' dir='ltr'><strong>modo</strong></span> <span class='ocrx_word' id='word_1_30' title='bbox 966 2068 1004 2135; x_wconf 90' lang='lat' dir='ltr'><strong>et</strong></span> <span class='ocrx_word' id='word_1_31' title='bbox 1036 2059 1161 2135; x_wconf 85' lang='lat' dir='ltr'>ordine</span> <span class='ocrx_word' id='word_1_32' title='bbox 1192 2070 1298 2156; x_wconf 87' lang='lat' dir='ltr'><strong>prout</strong></span> <span class='ocrx_word' id='word_1_33' title='bbox 1326 2070 1431 2160; x_wconf 88' lang='lat' dir='ltr'><strong>patet</strong></span> <span class='ocrx_word' id='word_1_34' title='bbox 1459 2060 1509 2134; x_wconf 93' lang='lat' dir='ltr'><strong>in·</strong></span> 
     </span>
     <span class='ocr_line' id='line_1_6' title="bbox 472 2180 1282 2275; baseline 0 -19"><span class='ocrx_word' id='word_1_35' title='bbox 472 2181 599 2275; x_wconf 83' lang='lat' dir='ltr'><strong>lerius3</strong></span> <span class='ocrx_word' id='word_1_36' title='bbox 628 2183 783 2258; x_wconf 85' lang='lat' dir='ltr'><strong>sabbato</strong></span> <span class='ocrx_word' id='word_1_37' title='bbox 812 2192 898 2258; x_wconf 86' lang='lat' dir='ltr'><strong>ante</strong></span> <span class='ocrx_word' id='word_1_38' title='bbox 926 2183 1140 2259; x_wconf 88' lang='lat' dir='ltr'><strong>dominicam</strong></span> <span class='ocrx_word' id='word_1_39' title='bbox 1169 2180 1282 2258; x_wconf 89' lang='lat' dir='ltr'><strong>Oculi.</strong></span> 
     </span>
    </p>
   </div>
   <div class='ocr_carea' id='block_1_3' title="bbox 775 2412 976 2488">
    <p class='ocr_par' dir='ltr' id='par_1_6' title="bbox 775 2412 976 2488">
     <span class='ocr_line' id='line_1_7' title="bbox 775 2412 976 2488; baseline 0.03 -20"><span class='ocrx_word' id='word_1_40' title='bbox 775 2413 819 2488; x_wconf 77' lang='grc' dir='ltr'><strong>(ό.</strong></span> <span class='ocrx_word' id='word_1_41' title='bbox 850 2412 976 2487; x_wconf 78' lang='lat' dir='ltr'><strong>martit).</strong></span> 
     </span>
    </p>
   </div>
   <div class='ocr_carea' id='block_1_4' title="bbox 248 2568 1512 4137">
    <p class='ocr_par' dir='ltr' id='par_1_7' title="bbox 248 2568 1512 4137">
     <span class='ocr_line' id='line_1_8' title="bbox 355 2568 1509 2650; baseline 0 -20"><span class='ocrx_word' id='word_1_42' title='bbox 355 2569 453 2643; x_wconf 92' lang='lat' dir='ltr'><strong>Quod</strong></span> <span class='ocrx_word' id='word_1_43' title='bbox 478 2569 553 2650; x_wconf 86' lang='lat' dir='ltr'><strong>quia</strong></span> <span class='ocrx_word' id='word_1_44' title='bbox 571 2568 786 2630; x_wconf 85' lang='lat' dir='ltr'><strong>communitas</strong></span> <span class='ocrx_word' id='word_1_45' title='bbox 806 2569 910 2647; x_wconf 84' lang='lat' dir='ltr'><strong>certis,</strong></span> <span class='ocrx_word' id='word_1_46' title='bbox 927 2569 1142 2631; x_wconf 88' lang='lat' dir='ltr'><strong>racionalibus</strong></span> <span class='ocrx_word' id='word_1_47' title='bbox 1159 2590 1196 2630; x_wconf 83' lang='lat' dir='ltr'><strong>ex</strong></span> <span class='ocrx_word' id='word_1_48' title='bbox 1214 2568 1327 2647; x_wconf 87' lang='lat' dir='ltr'><strong>causis,</strong></span> <span class='ocrx_word' id='word_1_49' title='bbox 1353 2568 1509 2650; x_wconf 87' lang='lat' dir='ltr'><strong>quasdam</strong></span> 
     </span>
     <span class='ocr_line' id='line_1_9' title="bbox 249 2675 1512 2757; baseline -0.002 -20"><span class='ocrx_word' id='word_1_50' title='bbox 249 2690 349 2737; x_wconf 88' lang='lat' dir='ltr'><strong>terras</strong></span> <span class='ocrx_word' id='word_1_51' title='bbox 373 2675 509 2737; x_wconf 89' lang='lat' dir='ltr'><strong>arabiles</strong></span> <span class='ocrx_word' id='word_1_52' title='bbox 541 2695 602 2736; x_wconf 88' lang='lat' dir='ltr'><strong>una</strong></span> <span class='ocrx_word' id='word_1_53' title='bbox 636 2694 707 2736; x_wconf 92' lang='lat' dir='ltr'><strong>curn</strong></span> <span class='ocrx_word' id='word_1_54' title='bbox 734 2689 824 2755; x_wconf 87' lang='lat' dir='ltr'><strong>prato</strong></span> <span class='ocrx_word' id='word_1_55' title='bbox 858 2677 888 2736; x_wconf 93' lang='lat' dir='ltr'><strong>in</strong></span> <span class='ocrx_word' id='word_1_56' title='bbox 926 2695 1040 2757; x_wconf 88' lang='lat' dir='ltr'><strong>campo</strong></span> <span class='ocrx_word' id='word_1_57' title='bbox 1072 2689 1102 2736; x_wconf 88' lang='lat' dir='ltr'><strong>et</strong></span> <span class='ocrx_word' id='word_1_58' title='bbox 1133 2675 1294 2736; x_wconf 88' lang='lat' dir='ltr'><strong>territorio</strong></span> <span class='ocrx_word' id='word_1_59' title='bbox 1319 2689 1428 2736; x_wconf 88' lang='lat' dir='ltr'><strong>nostro</strong></span> <span class='ocrx_word' id='word_1_60' title='bbox 1455 2693 1512 2735; x_wconf 89' lang='lat' dir='ltr'><strong>seu</strong></span> 
     </span>
     <span class='ocr_line' id='line_1_10' title="bbox 249 2779 1510 2863; baseline 0 -22"><span class='ocrx_word' id='word_1_61' title='bbox 249 2782 348 2863; x_wconf 88' lang='lat' dir='ltr'><strong>ipsius</strong></span> <span class='ocrx_word' id='word_1_62' title='bbox 371 2781 508 2841; x_wconf 87' lang='lat' dir='ltr'><strong>civitatis</strong></span> <span class='ocrx_word' id='word_1_63' title='bbox 533 2781 615 2841; x_wconf 91' lang='lat' dir='ltr'><strong>inter</strong></span> <span class='ocrx_word' id='word_1_64' title='bbox 639 2780 801 2861; x_wconf 88' lang='lat' dir='ltr'><strong>quendam</strong></span> <span class='ocrx_word' id='word_1_65' title='bbox 827 2779 962 2841; x_wconf 88' lang='lat' dir='ltr'><strong>fluvium</strong></span> <span class='ocrx_word' id='word_1_66' title='bbox 996 2781 1171 2863; x_wconf 80' lang='lat' dir='ltr'><strong>pluvialem</strong></span> <span class='ocrx_word' id='word_1_67' title='bbox 1198 2783 1237 2842; x_wconf 88' lang='lat' dir='ltr'><strong>ab</strong></span> <span class='ocrx_word' id='word_1_68' title='bbox 1263 2780 1412 2842; x_wconf 81' lang='lat' dir='ltr'><strong>orientali</strong></span> <span class='ocrx_word' id='word_1_69' title='bbox 1437 2794 1510 2842; x_wconf 89' lang='lat' dir='ltr'><strong>eta</strong></span> 
     </span>
     <span class='ocr_line' id='line_1_11' title="bbox 248 2887 1510 2968; baseline -0.001 -20"><span class='ocrx_word' id='word_1_70' title='bbox 248 2887 453 2948; x_wconf 84' lang='lat' dir='ltr'><strong>meridionali</strong></span> <span class='ocrx_word' id='word_1_71' title='bbox 479 2888 582 2968; x_wconf 83' lang='lat' dir='ltr'><strong>plagis</strong></span> <span class='ocrx_word' id='word_1_72' title='bbox 606 2902 688 2948; x_wconf 84' lang='lat' dir='ltr'><strong>terre</strong></span> <span class='ocrx_word' id='word_1_73' title='bbox 721 2906 921 2965; x_wconf 87' lang='lat' dir='ltr'><strong>communes,</strong></span> <span class='ocrx_word' id='word_1_74' title='bbox 954 2901 984 2949; x_wconf 87' lang='lat' dir='ltr'><strong>et</strong></span> <span class='ocrx_word' id='word_1_75' title='bbox 1016 2887 1098 2948; x_wconf 88' lang='lat' dir='ltr'><strong>inter</strong></span> <span class='ocrx_word' id='word_1_76' title='bbox 1129 2888 1213 2949; x_wconf 87' lang='lat' dir='ltr'><strong>viam</strong></span> <span class='ocrx_word' id='word_1_77' title='bbox 1239 2906 1445 2949; x_wconf 89' lang='lat' dir='ltr'><strong>communem</strong></span> <span class='ocrx_word' id='word_1_78' title='bbox 1470 2888 1510 2947; x_wconf 88' lang='lat' dir='ltr'><strong>ab</strong></span> 
     </span>
     <span class='ocr_line' id='line_1_12' title="bbox 249 2993 1512 3075; baseline 0 -21"><span class='ocrx_word' id='word_1_79' title='bbox 249 2993 440 3054; x_wconf 88' lang='lat' dir='ltr'><strong>occidentali</strong></span> <span class='ocrx_word' id='word_1_80' title='bbox 465 3008 495 3055; x_wconf 90' lang='lat' dir='ltr'><strong>et</strong></span> <span class='ocrx_word' id='word_1_81' title='bbox 519 3014 536 3054; x_wconf 91' lang='lat' dir='ltr'><strong>a</strong></span> <span class='ocrx_word' id='word_1_82' title='bbox 561 2993 816 3073; x_wconf 82' lang='lat' dir='ltr'><strong>septemtrionali</strong></span> <span class='ocrx_word' id='word_1_83' title='bbox 842 2993 985 3075; x_wconf 89' lang='lat' dir='ltr'><strong>partibus</strong></span> <span class='ocrx_word' id='word_1_84' title='bbox 1002 3008 1084 3055; x_wconf 89' lang='lat' dir='ltr'><strong>terre</strong></span> <span class='ocrx_word' id='word_1_85' title='bbox 1109 2994 1247 3069; x_wconf 83' lang='lat' dir='ltr'><strong>arabiles</strong></span> <span class='ocrx_word' id='word_1_86' title='bbox 1271 2993 1512 3055; x_wconf 85' lang='lat' dir='ltr'><strong>communitatis</strong></span> 
     </span>
     <span class='ocr_line' id='line_1_13' title="bbox 250 3098 1511 3181; baseline 0.001 -22"><span class='ocrx_word' id='word_1_87' title='bbox 250 3098 380 3181; x_wconf 86' lang='lat' dir='ltr'><strong>prefate,</strong></span> <span class='ocrx_word' id='word_1_88' title='bbox 405 3100 490 3178; x_wconf 85' lang='lat' dir='ltr'><strong>siras,</strong></span> <span class='ocrx_word' id='word_1_89' title='bbox 516 3099 639 3160; x_wconf 90' lang='lat' dir='ltr'><strong>habitas</strong></span> <span class='ocrx_word' id='word_1_90' title='bbox 671 3113 701 3160; x_wconf 86' lang='lat' dir='ltr'><strong>et</strong></span> <span class='ocrx_word' id='word_1_91' title='bbox 734 3100 914 3178; x_wconf 81' lang='lat' dir='ltr'><strong>existentes,</strong></span> <span class='ocrx_word' id='word_1_92' title='bbox 947 3100 1026 3161; x_wconf 89' lang='lat' dir='ltr'><strong>duas</strong></span> <span class='ocrx_word' id='word_1_93' title='bbox 1054 3100 1154 3161; x_wconf 85' lang='lat' dir='ltr'><strong>dietas</strong></span> <span class='ocrx_word' id='word_1_94' title='bbox 1186 3101 1275 3162; x_wconf 91' lang='lat' dir='ltr'><strong>inse</strong></span> <span class='ocrx_word' id='word_1_95' title='bbox 1301 3101 1511 3177; x_wconf 85' lang='lat' dir='ltr'><strong>continentes,</strong></span> 
     </span>
     <span class='ocr_line' id='line_1_14' title="bbox 248 3205 1510 3287; baseline 0.002 -22"><span class='ocrx_word' id='word_1_96' title='bbox 248 3205 343 3266; x_wconf 90' lang='lat' dir='ltr'><strong>simul</strong></span> <span class='ocrx_word' id='word_1_97' title='bbox 369 3225 441 3266; x_wconf 91' lang='lat' dir='ltr'><strong>cum</strong></span> <span class='ocrx_word' id='word_1_98' title='bbox 467 3206 588 3267; x_wconf 89' lang='lat' dir='ltr'><strong>eisdem</strong></span> <span class='ocrx_word' id='word_1_99' title='bbox 613 3206 703 3267; x_wconf 89' lang='lat' dir='ltr'><strong>terris</strong></span> <span class='ocrx_word' id='word_1_100' title='bbox 728 3205 920 3267; x_wconf 87' lang='lat' dir='ltr'><strong>arrabilibus</strong></span> <span class='ocrx_word' id='word_1_101' title='bbox 944 3220 974 3268; x_wconf 90' lang='lat' dir='ltr'><strong>et</strong></span> <span class='ocrx_word' id='word_1_102' title='bbox 998 3221 1089 3287; x_wconf 88' lang='lat' dir='ltr'><strong>prato</strong></span> <span class='ocrx_word' id='word_1_103' title='bbox 1121 3206 1324 3286; x_wconf 86' lang='lat' dir='ltr'><strong>utilitatibus,</strong></span> <span class='ocrx_word' id='word_1_104' title='bbox 1347 3207 1456 3268; x_wconf 86' lang='lat' dir='ltr'><strong>usibus</strong></span> <span class='ocrx_word' id='word_1_105' title='bbox 1480 3220 1510 3268; x_wconf 89' lang='lat' dir='ltr'><strong>et</strong></span> 
     </span>
     <span class='ocr_line' id='line_1_15' title="bbox 249 3311 1512 3393; baseline 0.002 -22"><span class='ocrx_word' id='word_1_106' title='bbox 249 3311 455 3392; x_wconf 87' lang='lat' dir='ltr'><strong>pertinenciis</strong></span> <span class='ocrx_word' id='word_1_107' title='bbox 480 3312 637 3372; x_wconf 87' lang='lat' dir='ltr'><strong>universis</strong></span> <span class='ocrx_word' id='word_1_108' title='bbox 661 3312 791 3391; x_wconf 82' lang='lat' dir='ltr'><strong>egregio</strong></span> <span class='ocrx_word' id='word_1_109' title='bbox 824 3312 959 3373; x_wconf 91' lang='lat' dir='ltr'><strong>domino</strong></span> <span class='ocrx_word' id='word_1_110' title='bbox 984 3312 1123 3373; x_wconf 85' lang='lat' dir='ltr'><strong>lohanni</strong></span> <span class='ocrx_word' id='word_1_111' title='bbox 1158 3313 1279 3374; x_wconf 86' lang='lat' dir='ltr'><strong>Jacobo</strong></span> <span class='ocrx_word' id='word_1_112' title='bbox 1304 3314 1343 3375; x_wconf 95' lang='lat' dir='ltr'><strong>de</strong></span> <span class='ocrx_word' id='word_1_113' title='bbox 1368 3312 1512 3393; x_wconf 83' lang='lat' dir='ltr'><strong>Angelis,</strong></span> 
     </span>
     <span class='ocr_line' id='line_1_16' title="bbox 249 3417 1511 3496; baseline 0.002 -18"><span class='ocrx_word' id='word_1_114' title='bbox 249 3417 370 3478; x_wconf 91' lang='lat' dir='ltr'><strong>arcium</strong></span> <span class='ocrx_word' id='word_1_115' title='bbox 395 3431 426 3478; x_wconf 93' lang='lat' dir='ltr'><strong>et</strong></span> <span class='ocrx_word' id='word_1_116' title='bbox 451 3417 609 3477; x_wconf 90' lang='lat' dir='ltr'><strong>medicine</strong></span> <span class='ocrx_word' id='word_1_117' title='bbox 647 3417 783 3496; x_wconf 88' lang='lat' dir='ltr'><strong>doctori,</strong></span> <span class='ocrx_word' id='word_1_118' title='bbox 815 3437 851 3478; x_wconf 90' lang='lat' dir='ltr'><strong>ac</strong></span> <span class='ocrx_word' id='word_1_119' title='bbox 875 3418 976 3479; x_wconf 90' lang='lat' dir='ltr'><strong>nobili</strong></span> <span class='ocrx_word' id='word_1_120' title='bbox 1009 3418 1141 3480; x_wconf 89' lang='lat' dir='ltr'><strong>domine</strong></span> <span class='ocrx_word' id='word_1_121' title='bbox 1173 3420 1301 3481; x_wconf 89' lang='lat' dir='ltr'><strong>Milicza</strong></span> <span class='ocrx_word' id='word_1_122' title='bbox 1333 3419 1511 3480; x_wconf 91' lang='lat' dir='ltr'><strong>conthorali</strong></span> 
     </span>
     <span class='ocr_line' id='line_1_17' title="bbox 252 3522 1511 3606; baseline 0.002 -23"><span class='ocrx_word' id='word_1_123' title='bbox 252 3523 395 3584; x_wconf 87' lang='lat' dir='ltr'><strong>eiusdem</strong></span> <span class='ocrx_word' id='word_1_124' title='bbox 413 3542 471 3604; x_wconf 94' lang='lat' dir='ltr'><strong>pro</strong></span> <span class='ocrx_word' id='word_1_125' title='bbox 497 3537 569 3583; x_wconf 92' lang='lat' dir='ltr'><strong>octo</strong></span> <span class='ocrx_word' id='word_1_126' title='bbox 587 3522 655 3584; x_wconf 90' lang='lat' dir='ltr'><strong>flor.</strong></span> <span class='ocrx_word' id='word_1_127' title='bbox 681 3524 720 3583; x_wconf 84' lang='lat' dir='ltr'><strong>ab</strong></span> <span class='ocrx_word' id='word_1_128' title='bbox 745 3524 865 3584; x_wconf 88' lang='lat' dir='ltr'><strong>eisdem</strong></span> <span class='ocrx_word' id='word_1_129' title='bbox 884 3524 972 3604; x_wconf 86' lang='lat' dir='ltr'><strong>prius</strong></span> <span class='ocrx_word' id='word_1_130' title='bbox 993 3525 1087 3606; x_wconf 91' lang='lat' dir='ltr'><strong>plene</strong></span> <span class='ocrx_word' id='word_1_131' title='bbox 1105 3525 1228 3603; x_wconf 87' lang='lat' dir='ltr'><strong>levatis,</strong></span> <span class='ocrx_word' id='word_1_132' title='bbox 1253 3524 1370 3586; x_wconf 88' lang='lat' dir='ltr'><strong>habitis</strong></span> <span class='ocrx_word' id='word_1_133' title='bbox 1394 3539 1425 3586; x_wconf 97' lang='lat' dir='ltr'><strong>et</strong></span> <span class='ocrx_word' id='word_1_134' title='bbox 1441 3544 1511 3606; x_wconf 90' lang='lat' dir='ltr'><strong>per·</strong></span> 
     </span>
     <span class='ocr_line' id='line_1_18' title="bbox 250 3629 1509 3714; baseline 0.002 -23"><span class='ocrx_word' id='word_1_135' title='bbox 250 3631 359 3712; x_wconf 90' lang='lat' dir='ltr'><strong>ceptis,</strong></span> <span class='ocrx_word' id='word_1_136' title='bbox 384 3651 442 3691; x_wconf 92' lang='lat' dir='ltr'><strong>nos</strong></span> <span class='ocrx_word' id='word_1_137' title='bbox 466 3631 680 3691; x_wconf 87' lang='lat' dir='ltr'><strong>communitas</strong></span> <span class='ocrx_word' id='word_1_138' title='bbox 706 3629 828 3711; x_wconf 83' lang='lat' dir='ltr'><strong>prelata</strong></span> <span class='ocrx_word' id='word_1_139' title='bbox 863 3631 1068 3694; x_wconf 89' lang='lat' dir='ltr'><strong>vendidimus</strong></span> <span class='ocrx_word' id='word_1_140' title='bbox 1099 3632 1167 3712; x_wconf 86' lang='lat' dir='ltr'><strong>jure</strong></span> <span class='ocrx_word' id='word_1_141' title='bbox 1200 3646 1356 3714; x_wconf 88' lang='lat' dir='ltr'><strong>perpetuo</strong></span> <span class='ocrx_word' id='word_1_142' title='bbox 1381 3646 1411 3692; x_wconf 88' lang='lat' dir='ltr'><strong>et</strong></span> <span class='ocrx_word' id='word_1_143' title='bbox 1436 3632 1509 3693; x_wconf 83' lang='lat' dir='ltr'><strong>irre·</strong></span> 
     </span>
     <span class='ocr_line' id='line_1_19' title="bbox 250 3737 1510 3819; baseline 0.002 -23"><span class='ocrx_word' id='word_1_144' title='bbox 250 3738 437 3799; x_wconf 83' lang='lat' dir='ltr'><strong>vocabiliter</strong></span> <span class='ocrx_word' id='word_1_145' title='bbox 461 3737 625 3813; x_wconf 90' lang='lat' dir='ltr'><strong>tenendas,</strong></span> <span class='ocrx_word' id='word_1_146' title='bbox 650 3737 862 3817; x_wconf 86' lang='lat' dir='ltr'><strong>possidendas</strong></span> <span class='ocrx_word' id='word_1_147' title='bbox 885 3739 1002 3819; x_wconf 88' lang='lat' dir='ltr'><strong>pariter</strong></span> <span class='ocrx_word' id='word_1_148' title='bbox 1032 3751 1063 3800; x_wconf 97' lang='lat' dir='ltr'><strong>et</strong></span> <span class='ocrx_word' id='word_1_149' title='bbox 1087 3737 1250 3799; x_wconf 85' lang='lat' dir='ltr'><strong>habendas</strong></span> <span class='ocrx_word' id='word_1_150' title='bbox 1274 3757 1310 3798; x_wconf 88' lang='lat' dir='ltr'><strong>ac</strong></span> <span class='ocrx_word' id='word_1_151' title='bbox 1334 3737 1419 3816; x_wconf 85' lang='lat' dir='ltr'><strong>juxta</strong></span> <span class='ocrx_word' id='word_1_152' title='bbox 1437 3757 1510 3798; x_wconf 91' lang='lat' dir='ltr'><strong>con·</strong></span> 
     </span>
     <span class='ocr_line' id='line_1_20' title="bbox 250 3842 1511 3926; baseline -0.001 -21"><span class='ocrx_word' id='word_1_153' title='bbox 250 3844 411 3905; x_wconf 88' lang='lat' dir='ltr'><strong>dicionem</strong></span> <span class='ocrx_word' id='word_1_154' title='bbox 436 3858 602 3925; x_wconf 85' lang='lat' dir='ltr'><strong>prenotate</strong></span> <span class='ocrx_word' id='word_1_155' title='bbox 628 3843 765 3904; x_wconf 86' lang='lat' dir='ltr'><strong>civitatis</strong></span> <span class='ocrx_word' id='word_1_156' title='bbox 796 3844 835 3904; x_wconf 96' lang='lat' dir='ltr'><strong>ab</strong></span> <span class='ocrx_word' id='word_1_157' title='bbox 868 3845 1003 3925; x_wconf 84' lang='lat' dir='ltr'><strong>antiquo</strong></span> <span class='ocrx_word' id='word_1_158' title='bbox 1035 3842 1277 3926; x_wconf 80' lang='lat' dir='ltr'><strong>privilegialiter</strong></span> <span class='ocrx_word' id='word_1_159' title='bbox 1300 3845 1511 3925; x_wconf 87' lang='lat' dir='ltr'><strong>approbatam</strong></span> 
     </span>
     <span class='ocr_line' id='line_1_21' title="bbox 250 3948 1510 4032; baseline -0.001 -21"><span class='ocrx_word' id='word_1_160' title='bbox 250 3950 558 4032; x_wconf 90' lang='lat' dir='ltr'><strong>quomodocumque</strong></span> <span class='ocrx_word' id='word_1_161' title='bbox 584 3950 721 4011; x_wconf 88' lang='lat' dir='ltr'><strong>voluerit</strong></span> <span class='ocrx_word' id='word_1_162' title='bbox 746 3950 981 4031; x_wconf 82' lang='lat' dir='ltr'><strong>disponendas3</strong></span> <span class='ocrx_word' id='word_1_163' title='bbox 1014 3950 1064 4011; x_wconf 91' lang='lat' dir='ltr'><strong>cui</strong></span> <span class='ocrx_word' id='word_1_164' title='bbox 1097 3949 1170 4011; x_wconf 88' lang='lat' dir='ltr'><strong>data</strong></span> <span class='ocrx_word' id='word_1_165' title='bbox 1195 3962 1241 4010; x_wconf 92' lang='lat' dir='ltr'><strong>est</strong></span> <span class='ocrx_word' id='word_1_166' title='bbox 1265 3948 1356 4011; x_wconf 88' lang='lat' dir='ltr'><strong>litera</strong></span> <span class='ocrx_word' id='word_1_167' title='bbox 1382 3948 1510 4030; x_wconf 86' lang='lat' dir='ltr'><strong>privile·</strong></span> 
     </span>
     <span class='ocr_line' id='line_1_22' title="bbox 249 4055 1363 4137; baseline -0.003 -20"><span class='ocrx_word' id='word_1_168' title='bbox 249 4057 353 4137; x_wconf 80' lang='lat' dir='ltr'><strong>gialis.</strong></span> <span class='ocrx_word' id='word_1_169' title='bbox 380 4057 497 4118; x_wconf 83' lang='lat' dir='ltr'><strong>Datum</strong></span> <span class='ocrx_word' id='word_1_170' title='bbox 523 4059 656 4118; x_wconf 89' lang='lat' dir='ltr'><strong>sabbato</strong></span> <span class='ocrx_word' id='word_1_171' title='bbox 681 4071 754 4119; x_wconf 87' lang='lat' dir='ltr'><strong>ante</strong></span> <span class='ocrx_word' id='word_1_172' title='bbox 779 4057 993 4117; x_wconf 87' lang='lat' dir='ltr'><strong>dominicam:</strong></span> <span class='ocrx_word' id='word_1_173' title='bbox 1027 4055 1134 4118; x_wconf 90' lang='lat' dir='ltr'><strong>Oculi.</strong></span> <span class='ocrx_word' id='word_1_174' title='bbox 1174 4074 1265 4136; x_wconf 78' lang='lat'><strong>¹500·</strong></span> <span class='ocrx_word' id='word_1_175' title='bbox 1287 4063 1363 4134; x_wconf 73' lang='lat' dir='ltr'><strong>(sic.)</strong></span> 
     </span>
    </p>
   </div>
   <div class='ocr_carea' id='block_1_5' title="bbox 0 0 1720 5256">
    <p class='ocr_par' dir='ltr' id='par_1_8' title="bbox 0 0 1720 5256">
     <span class='ocr_line' id='line_1_23' title="bbox 0 0 1720 5256; baseline 0 0"><span class='ocrx_word' id='word_1_176' title='bbox 0 0 1720 5256; x_wconf 95' lang='lat' dir='ltr'><strong> </strong></span> 
     </span>
    </p>
   </div>
  </div>
 </body>
</html>
