3428 5256
250 347 309 390 rro
793 333 878 386 Anno
902 340 990 404 1520.

237 558 311 600 nem
336 540 485 601 videlicet
509 540 547 600 ad
574 540 677 601 dictos
707 540 952 620 quatuordecim
988 559 1090 600 annos
1123 539 1280 601 insolutos
1305 558 1406 599 annos
1430 559 1503 620 per·

236 646 392 722 transivit,
416 647 545 709 tandem
571 647 648 707 dum
665 665 741 726 sepe
766 645 869 706 dictus
888 647 1077 707 Dominicus
1095 645 1269 728 Perowych
1294 647 1392 707 vitam
1409 666 1500 708 suam

237 751 386 814 claudere
408 772 617 833 cognoscens,
651 751 840 833 prelibatam
874 752 1008 813 domum
1044 771 1135 813 suam
1168 767 1339 831 muratam,
1374 769 1407 813 ut
1431 772 1501 835 pre·

238 856 348 936 lertur,
371 878 442 918 cum
469 858 619 919 omnibus
643 858 708 918 suis
733 857 941 938 pertinenciis
963 878 1022 939 pro
1046 859 1197 940 predictis
1222 871 1350 920 centum
1377 857 1446 921 flor.
1471 873 1502 920 et

238 964 337 1025 eciam
363 984 421 1046 pro
446 965 510 1025 alio
529 979 615 1026 certo
641 964 750 1025 debito
769 978 878 1025 nostro
896 983 952 1025 seu
969 965 1194 1025 communitati
1221 980 1327 1026 nostre
1351 965 1502 1027 videlicet

238 1069 307 1133 flor.
332 1071 446 1151 viginti
470 1085 556 1149 octo,
581 1090 663 1152 quos
687 1071 754 1152 ipse
773 1071 866 1131 nobis
890 1091 945 1131 seu
963 1071 1187 1132 communitati
1212 1086 1320 1133 nostre
1344 1070 1501 1132 debitorie

238 1178 452 1257 obligabatur,
477 1177 705 1239 vendicionem
731 1178 881 1259 expedire
906 1178 999 1238 nobis
1027 1177 1106 1258 (seu)
1134 1176 1254 1258 prefate
1279 1175 1501 1239 communitati

238 1285 411 1364 reliquerat
434 1300 464 1345 et
489 1284 660 1363 legaverat.
687 1284 753 1345 Nos
778 1284 885 1364 itaque
909 1281 1030 1365 prefata
1055 1285 1270 1345 communitas
1294 1284 1380 1366 prius
1404 1303 1502 1344 onera

239 1404 269 1452 et
293 1390 436 1472 quelibet
459 1391 645 1470 gravamina
671 1389 810 1451 filiorum
840 1409 971 1451 suorum
999 1389 1170 1468 Gabrielis,
1196 1390 1358 1451 Dominici
1384 1404 1415 1451 et
1432 1388 1502 1450 uni·

239 1516 403 1558 versorum
428 1495 571 1573 fratrum,
597 1498 884 1578 proximorumque
902 1515 1045 1574 suorum,
1070 1516 1151 1576 quos
1176 1485 1306 1578 presens
1330 1495 1501 1576 negocium

238 1603 351 1682 tangit,
374 1617 570 1683 tangereque
588 1617 696 1683 posset
720 1603 956 1684 quoquomodo
974 1603 1004 1663 in
1024 1602 1179 1680 futurum,
1197 1623 1340 1684 superse
1358 1621 1502 1683 assump-

239 1708 348 1786 simus,
373 1708 579 1791 prescriptam
605 1707 739 1769 domum
764 1724 921 1770 muratam
940 1709 1133 1791 penitusque
1158 1707 1291 1771 edificiis
1316 1709 1500 1770 destitutam

240 1828 270 1876 et
294 1816 469 1896 ruinosam,
495 1815 576 1876 inter
601 1815 734 1875 domum
764 1815 918 1876 heredum
952 1835 1008 1876 seu
1038 1835 1259 1877 successorum
1285 1816 1421 1877 condam
1449 1816 1503 1876 Jo-

240 1921 354 1981 hannis
379 1920 589 2004 Soldinarych
624 1920 719 1997 dicti,
752 1920 830 1980 olim
863 1922 999 1982 senioris
1031 1922 1144 2000 judicis
1169 1936 1200 1982 et
1223 1923 1365 1983 concivis
1390 1921 1502 1999 nostri,

240 2048 257 2089 a
283 2041 369 2108 parte
394 2026 601 2104 occidentali,
625 2040 655 2087 et
688 2027 769 2088 inter
801 2026 935 2088 domum
968 2047 1024 2088 seu
1056 2029 1232 2089 stacionem
1259 2042 1341 2089 retro
1366 2027 1501 2088 eandem

241 2134 385 2210 domurn,
418 2152 473 2193 seu
505 2133 674 2193 cisternam
708 2134 853 2193 eiusdem
887 2133 1003 2194 domus
1035 2133 1147 2215 prelati
1179 2135 1314 2195 condam
1341 2133 1503 2195 Dominici

243 2239 427 2321 Perowych,
459 2258 510 2299 are
544 2238 626 2299 beati
661 2239 786 2299 Nicolai
821 2238 1013 2301 confessoris
1047 2241 1077 2300 in
1114 2241 1245 2301 ecclesia
1278 2254 1386 2301 nostra
1418 2240 1503 2301 beati

243 2346 341 2408 Marci
367 2345 573 2425 ewangeliste
606 2343 749 2422 fundate,
781 2367 796 2404 a
831 2345 1032 2406 meridionali
1068 2363 1166 2427 parte,
1199 2365 1234 2406 ac
1260 2347 1341 2407 inter
1366 2346 1500 2407 domum

244 2452 465 2533 circumspecti
491 2466 521 2512 et
539 2450 663 2512 honesti
687 2451 745 2512 viri
776 2450 907 2531 Georgii
938 2452 1185 2534 Zowonychych
1211 2452 1297 2529 dicti,
1322 2473 1339 2512 a
1363 2466 1501 2534 septem·

242 2559 370 2620 trionali
397 2571 496 2640 parte,
521 2571 551 2618 et
575 2557 606 2618 in
632 2558 799 2638 posteriori
826 2573 913 2638 parte
932 2577 1028 2638 penes
1057 2559 1140 2619 viam
1167 2578 1385 2636 communem,
1409 2573 1440 2618 et
1464 2578 1503 2618 er

243 2666 309 2746 ipsa
334 2665 384 2725 via
409 2665 574 2725 communi
600 2685 616 2724 a
642 2664 725 2724 dicta
743 2677 831 2745 parte
857 2664 1004 2725 orientali
1023 2683 1152 2726 securus
1177 2664 1325 2725 introitus
1349 2664 1505 2725 cursualis

242 2773 325 2832 dicte
350 2771 466 2832 domus
490 2790 545 2852 per
572 2789 721 2851 magnam
747 2784 869 2851 portam
905 2790 1004 2851 usque
1039 2771 1171 2831 domum
1198 2768 1312 2851 prefati
1338 2771 1505 2832 Michaelis

244 2878 454 2960 Opprasnych
480 2891 511 2939 et
542 2878 664 2939 curiam
691 2898 747 2939 seu
780 2876 916 2938 fundum
950 2876 1062 2957 prefati
1097 2877 1229 2958 Georgii
1255 2877 1505 2960 Zowynowych,
1547 2897 1551 2905 ’

244 2987 274 3045 in
300 2984 468 3045 latitudine
494 2986 533 3045 ab
559 2999 694 3064 utraque
719 2998 807 3064 parte
832 3003 864 3043 se
883 2983 1121 3060 extendentem,
1147 2983 1287 3045 habitam
1313 2996 1344 3045 et
1368 2984 1506 3044 existen·

244 3105 319 3165 tem,
344 3110 439 3150 unam
474 3090 630 3170 integram
663 3090 782 3150 curiam
817 3090 855 3149 ad
891 3109 982 3151 usum
1012 3090 1095 3151 dicte
1129 3091 1265 3151 civitatis
1290 3091 1320 3150 in
1346 3110 1378 3150 se
1404 3089 1505 3151 conti·

246 3211 386 3273 nentem,
419 3197 524 3277 ipsum
556 3196 676 3256 scilicet
708 3196 844 3257 condam
879 3196 1085 3257 Dominicum
1118 3197 1293 3279 Perowych
1324 3197 1504 3258 acondam

245 3302 390 3364 iohanne
415 3303 562 3363 similiter
588 3303 760 3384 Perowych
786 3303 882 3378 dicte,
914 3302 994 3363 olim
1027 3304 1152 3365 seniore
1185 3305 1290 3385 judice
1315 3319 1345 3366 et
1370 3303 1502 3365 concive

246 3423 365 3486 nostro,
389 3424 476 3490 patre
503 3429 578 3470 vero
603 3428 661 3469 suo
686 3410 804 3469 carnali
830 3408 897 3488 jure
916 3410 1108 3471 hereditario
1123 3427 1382 3488 concernentem,
1407 3410 1504 3471 simul

245 3536 316 3578 cum
342 3518 493 3577 omnibus
518 3516 661 3577 eiusdem
688 3517 803 3577 domus
828 3534 950 3577 murate
980 3519 1173 3599 penitusque
1199 3519 1332 3580 edificiis
1355 3520 1505 3580 destitute

245 3637 275 3684 et
299 3624 439 3699 ruinose,
464 3642 499 3683 ac
524 3621 636 3700 fundo,
662 3621 846 3703 celarioque
871 3624 1018 3684 similiter
1043 3639 1180 3700 murato,
1206 3645 1262 3685 nec
1287 3645 1351 3685 non
1379 3640 1506 3707 ut,pre·

245 3728 371 3805 dicitur,
397 3748 457 3788 una
485 3730 607 3808 integra
636 3729 732 3805 curia,
758 3743 788 3788 et
812 3749 923 3789 securo
949 3730 1081 3789 introitu
1113 3731 1250 3791 curruali
1276 3752 1332 3813 per
1356 3752 1506 3812 magnam

245 3849 368 3916 portam
396 3835 426 3895 in
460 3834 627 3915 posteriori
661 3851 759 3914 parte,
786 3835 986 3910 utilitatibus,
1012 3835 1144 3913 juribus,
1181 3838 1307 3914 usibus,
1344 3838 1505 3917 integrita-

245 3943 329 4002 tibus
372 3955 402 4001 et
437 3941 642 4021 pertinenciis
682 3940 838 4000 universis
885 3939 1009 4022 prelato
1050 3942 1197 4003 Michaeli
1232 3943 1444 4024 Opprasnych
1476 3957 1507 4004 et

246 4067 301 4128 per
326 4067 398 4107 eum
430 4048 494 4106 suis
519 4047 690 4107 heredibus
722 4066 779 4126 pro
811 4047 961 4127 predictis
986 4062 1113 4109 centum
1140 4047 1207 4109 lior.
1234 4065 1264 4109 et
1288 4050 1399 4127 viginti
1433 4065 1506 4111 octo

246 4173 301 4234 per
337 4152 493 4235 prelatum
532 4153 720 4213 Michaelem
768 4153 860 4213 nobis
902 4174 957 4214 seu
998 4154 1219 4214 communitati
1263 4170 1369 4216 nostre
1413 4156 1507 4236 plene

247 4260 327 4319 datis
351 4275 381 4319 et
406 4260 575 4339 persolutis
600 4275 629 4319 et
647 4280 702 4340 per
728 4279 785 4320 nos
809 4259 963 4339 prefatam
990 4261 1117 4321 missam
1151 4261 1318 4327 dicendam
1354 4281 1412 4341 pro
1438 4281 1507 4343 pre·

247 4365 339 4426 dictis
374 4381 502 4426 centum
537 4365 604 4427 flor.
638 4367 865 4447 perpetualiter
898 4367 1093 4428 instituimus
1125 4367 1366 4444 celebrandam,
1398 4369 1506 4428 vendi·

247 4474 352 4533 dimus
384 4486 413 4531 et
445 4473 658 4549 contulimus,
693 4474 792 4533 immo
825 4473 864 4534 de
896 4493 1057 4540 consensu
1087 4474 1263 4535 vicinorum
1290 4474 1506 4553 predictorum

248 4578 416 4640 vendimus
452 4593 482 4638 et
516 4578 710 4638 conferimus
746 4580 813 4653 iure
854 4594 1010 4660 perpetuo
1047 4594 1078 4640 et
1112 4578 1364 4641 irrevocabiliter
1398 4595 1507 4641 tenen·

248 4684 332 4762 darn,
357 4684 583 4765 possidendam
610 4686 726 4766 pariter
751 4701 780 4746 et
806 4685 986 4747 habendam
1011 4703 1048 4747 ec
1070 4684 1155 4763 juxta
1181 4683 1406 4747 condicionem
1431 4686 1507 4746 civi·

248 4791 321 4854 tatis
353 4804 519 4873 prenotate
555 4791 595 4851 ab
629 4791 763 4874 antiquo
799 4790 1044 4875 privilegialiter
1080 4793 1289 4875 approbatam
1326 4792 1509 4866 quomodo·
