<?xml version="1.0" encoding="UTF-8"?>
<!DOCTYPE html PUBLIC "-//W3C//DTD XHTML 1.0 Transitional//EN"
    "http://www.w3.org/TR/xhtml1/DTD/xhtml1-transitional.dtd">
<html xmlns="http://www.w3.org/1999/xhtml" xml:lang="en" lang="en">
 <head>
  <title>
</title>
<meta http-equiv="Content-Type" content="text/html;charset=utf-8" />
  <meta name='ocr-system' content='tesseract 3.04.00' />
  <meta name='ocr-capabilities' content='ocr_page ocr_carea ocr_par ocr_line ocrx_word'/>
</head>
<body>
  <div class='ocr_page' id='page_1' title='image "./monumentahistor02laszgoog_0338.png"; bbox 0 0 3428 5256; ppageno 0'>
   <div class='ocr_carea' id='block_1_1' title="bbox 798 1364 863 1444">
    <p class='ocr_par' dir='ltr' id='par_1_1' title="bbox 798 1364 863 1444">
     <span class='ocr_line' id='line_1_1' title="bbox 798 1364 863 1444; baseline 0.015 -1"><span class='ocrx_word' id='word_1_1' title='bbox 798 1364 863 1444; x_wconf 90' lang='lat' dir='ltr'>Vl.</span> 
     </span>
    </p>
   </div>
   <div class='ocr_carea' id='block_1_2' title="bbox 200 1575 1464 1926">
    <p class='ocr_par' dir='ltr' id='par_1_2' title="bbox 200 1575 1464 1926">
     <span class='ocr_line' id='line_1_2' title="bbox 200 1575 1462 1681; baseline -0.003 -23"><span class='ocrx_word' id='word_1_2' title='bbox 200 1581 412 1681; x_wconf 88' lang='lat' dir='ltr'>Registtum</span> <span class='ocrx_word' id='word_1_3' title='bbox 440 1603 506 1680; x_wconf 92' lang='lat' dir='ltr'>per</span> <span class='ocrx_word' id='word_1_4' title='bbox 532 1602 599 1654; x_wconf 93' lang='lat' dir='ltr'>nos</span> <span class='ocrx_word' id='word_1_5' title='bbox 629 1578 762 1654; x_wconf 86' lang='lat' dir='ltr'>Lucam</span> <span class='ocrx_word' id='word_1_6' title='bbox 791 1578 1000 1679; x_wconf 90' lang='lat' dir='ltr'>episcopum</span> <span class='ocrx_word' id='word_1_7' title='bbox 1038 1575 1172 1654; x_wconf 85' lang='lat' dir='ltr'>factum</span> <span class='ocrx_word' id='word_1_8' title='bbox 1200 1601 1311 1679; x_wconf 90' lang='lat' dir='ltr'>super</span> <span class='ocrx_word' id='word_1_9' title='bbox 1338 1578 1462 1654; x_wconf 85' lang='lat' dir='ltr'>decem</span> 
     </span>
     <span class='ocr_line' id='line_1_3' title="bbox 200 1699 1464 1804; baseline -0.002 -23"><span class='ocrx_word' id='word_1_10' title='bbox 200 1705 353 1781; x_wconf 91' lang='lat' dir='ltr'>millibus</span> <span class='ocrx_word' id='word_1_11' title='bbox 381 1703 462 1780; x_wconf 90' lang='lat' dir='ltr'>llor.</span> <span class='ocrx_word' id='word_1_12' title='bbox 492 1727 559 1804; x_wconf 90' lang='lat' dir='ltr'>per</span> <span class='ocrx_word' id='word_1_13' title='bbox 577 1703 731 1778; x_wconf 90' lang='lat' dir='ltr'>condam</span> <span class='ocrx_word' id='word_1_14' title='bbox 759 1702 941 1778; x_wconf 90' lang='lat' dir='ltr'>dominum</span> <span class='ocrx_word' id='word_1_15' title='bbox 961 1699 1160 1779; x_wconf 88' lang='lat' dir='ltr'>Osualdum</span> <span class='ocrx_word' id='word_1_16' title='bbox 1188 1703 1398 1804; x_wconf 91' lang='lat' dir='ltr'>episcopum</span> <span class='ocrx_word' id='word_1_17' title='bbox 1418 1702 1464 1778; x_wconf 90' lang='lat' dir='ltr'>ad</span> 
     </span>
     <span class='ocr_line' id='line_1_4' title="bbox 438 1826 1225 1926; baseline -0.004 -23"><span class='ocrx_word' id='word_1_18' title='bbox 438 1827 584 1903; x_wconf 89' lang='lat' dir='ltr'>labores</span> <span class='ocrx_word' id='word_1_19' title='bbox 613 1826 769 1903; x_wconf 80' lang='lat' dir='ltr'>ecclesie</span> <span class='ocrx_word' id='word_1_20' title='bbox 797 1826 1049 1926; x_wconf 86' lang='lat' dir='ltr'>zagrabiensis</span> <span class='ocrx_word' id='word_1_21' title='bbox 1078 1826 1225 1926; x_wconf 86' lang='lat' dir='ltr'>legatis.</span> 
     </span>
    </p>
   </div>
   <div class='ocr_carea' id='block_1_3' title="bbox 199 2036 1466 2969">
    <p class='ocr_par' dir='ltr' id='par_1_3' title="bbox 199 2036 1463 2226">
     <span class='ocr_line' id='line_1_5' title="bbox 307 2036 1463 2119; baseline -0.001 -20"><span class='ocrx_word' id='word_1_22' title='bbox 307 2037 383 2099; x_wconf 91' lang='lat' dir='ltr'>ltem</span> <span class='ocrx_word' id='word_1_23' title='bbox 409 2051 483 2100; x_wconf 91' lang='lat' dir='ltr'>ante</span> <span class='ocrx_word' id='word_1_24' title='bbox 507 2038 682 2100; x_wconf 84' lang='lat' dir='ltr'>adventum</span> <span class='ocrx_word' id='word_1_25' title='bbox 705 2051 849 2100; x_wconf 91' lang='lat' dir='ltr'>nostrum</span> <span class='ocrx_word' id='word_1_26' title='bbox 876 2036 1000 2099; x_wconf 91' lang='lat' dir='ltr'>domini</span> <span class='ocrx_word' id='word_1_27' title='bbox 1018 2036 1058 2097; x_wconf 91' lang='lat' dir='ltr'>de</span> <span class='ocrx_word' id='word_1_28' title='bbox 1084 2036 1237 2119; x_wconf 90' lang='lat' dir='ltr'>Capitulo</span> <span class='ocrx_word' id='word_1_29' title='bbox 1261 2036 1395 2100; x_wconf 79' lang='lat' dir='ltr'>ecclesie</span> <span class='ocrx_word' id='word_1_30' title='bbox 1412 2057 1463 2098; x_wconf 90' lang='lat' dir='ltr'>za-</span> 
     </span>
     <span class='ocr_line' id='line_1_6' title="bbox 199 2142 1244 2226; baseline 0 -20"><span class='ocrx_word' id='word_1_31' title='bbox 199 2144 379 2226; x_wconf 80' lang='lat' dir='ltr'>grabiensis</span> <span class='ocrx_word' id='word_1_32' title='bbox 402 2144 443 2205; x_wconf 93' lang='lat' dir='ltr'>ad</span> <span class='ocrx_word' id='word_1_33' title='bbox 468 2144 595 2206; x_wconf 92' lang='lat' dir='ltr'>labores</span> <span class='ocrx_word' id='word_1_34' title='bbox 619 2144 753 2206; x_wconf 75' lang='lat' dir='ltr'>ecclesie</span> <span class='ocrx_word' id='word_1_35' title='bbox 778 2157 1065 2225; x_wconf 86' lang='lat' dir='ltr'>exposuerunt...</span> <span class='ocrx_word' id='word_1_36' title='bbox 1090 2143 1158 2206; x_wconf 92' lang='lat' dir='ltr'>llor.</span> <span class='ocrx_word' id='word_1_37' title='bbox 1181 2142 1244 2206; x_wconf 70' lang='grc' dir='ltr'>Μ..</span> 
     </span>
    </p>

    <p class='ocr_par' dir='ltr' id='par_1_4' title="bbox 200 2247 1465 2439">
     <span class='ocr_line' id='line_1_7' title="bbox 308 2247 1465 2332; baseline -0.004 -20"><span class='ocrx_word' id='word_1_38' title='bbox 308 2249 385 2312; x_wconf 92' lang='lat' dir='ltr'>ltem</span> <span class='ocrx_word' id='word_1_39' title='bbox 411 2250 509 2312; x_wconf 91' lang='lat' dir='ltr'>iidem</span> <span class='ocrx_word' id='word_1_40' title='bbox 528 2249 654 2311; x_wconf 90' lang='lat' dir='ltr'>domini</span> <span class='ocrx_word' id='word_1_41' title='bbox 671 2263 745 2332; x_wconf 94' lang='lat' dir='ltr'>post</span> <span class='ocrx_word' id='word_1_42' title='bbox 760 2249 934 2310; x_wconf 87' lang='lat' dir='ltr'>adventurn</span> <span class='ocrx_word' id='word_1_43' title='bbox 953 2262 1098 2309; x_wconf 91' lang='lat' dir='ltr'>nostrum</span> <span class='ocrx_word' id='word_1_44' title='bbox 1116 2249 1156 2309; x_wconf 91' lang='lat' dir='ltr'>ad</span> <span class='ocrx_word' id='word_1_45' title='bbox 1181 2248 1312 2310; x_wconf 88' lang='lat' dir='ltr'>eosdem</span> <span class='ocrx_word' id='word_1_46' title='bbox 1338 2247 1465 2309; x_wconf 88' lang='lat' dir='ltr'>labores</span> 
     </span>
     <span class='ocr_line' id='line_1_8' title="bbox 200 2353 857 2439; baseline -0.003 -22"><span class='ocrx_word' id='word_1_47' title='bbox 200 2356 378 2419; x_wconf 75' lang='lat' dir='ltr'>successive</span> <span class='ocrx_word' id='word_1_48' title='bbox 403 2369 694 2439; x_wconf 86' lang='lat' dir='ltr'>exposuerunt...</span> <span class='ocrx_word' id='word_1_49' title='bbox 718 2353 788 2417; x_wconf 91' lang='lat' dir='ltr'>flor.</span> <span class='ocrx_word' id='word_1_50' title='bbox 813 2353 857 2416; x_wconf 62' lang='grc' dir='ltr'>ΙΝ.</span> 
     </span>
    </p>

    <p class='ocr_par' dir='ltr' id='par_1_5' title="bbox 201 2460 1466 2739">
     <span class='ocr_line' id='line_1_9' title="bbox 306 2460 1466 2542; baseline -0.003 -17"><span class='ocrx_word' id='word_1_51' title='bbox 306 2462 383 2525; x_wconf 88' lang='lat' dir='ltr'>ltem</span> <span class='ocrx_word' id='word_1_52' title='bbox 409 2463 485 2524; x_wconf 92' lang='lat' dir='ltr'>dum</span> <span class='ocrx_word' id='word_1_53' title='bbox 511 2462 674 2527; x_wconf 74' lang='lat' dir='ltr'>lohannes</span> <span class='ocrx_word' id='word_1_54' title='bbox 698 2475 804 2523; x_wconf 92' lang='lat' dir='ltr'>custos</span> <span class='ocrx_word' id='word_1_55' title='bbox 820 2460 953 2523; x_wconf 86' lang='lat' dir='ltr'>ecclesie</span> <span class='ocrx_word' id='word_1_56' title='bbox 969 2461 1143 2542; x_wconf 77' lang='lat' dir='ltr'>assignavit</span> <span class='ocrx_word' id='word_1_57' title='bbox 1172 2460 1323 2521; x_wconf 92' lang='lat' dir='ltr'>manibus</span> <span class='ocrx_word' id='word_1_58' title='bbox 1348 2460 1466 2522; x_wconf 90' lang='lat' dir='ltr'>nostris</span> 
     </span>
     <span class='ocr_line' id='line_1_10' title="bbox 201 2567 1464 2651; baseline -0.002 -21"><span class='ocrx_word' id='word_1_59' title='bbox 201 2569 354 2651; x_wconf 83' lang='lat' dir='ltr'>pecunias</span> <span class='ocrx_word' id='word_1_60' title='bbox 378 2569 417 2629; x_wconf 91' lang='lat' dir='ltr'>ad</span> <span class='ocrx_word' id='word_1_61' title='bbox 450 2568 577 2630; x_wconf 88' lang='lat' dir='ltr'>labores</span> <span class='ocrx_word' id='word_1_62' title='bbox 609 2567 789 2650; x_wconf 87' lang='lat' dir='ltr'>deputatas,</span> <span class='ocrx_word' id='word_1_63' title='bbox 813 2581 1045 2630; x_wconf 88' lang='lat' dir='ltr'>connumerate</span> <span class='ocrx_word' id='word_1_64' title='bbox 1078 2581 1153 2629; x_wconf 90' lang='lat' dir='ltr'>sunt</span> <span class='ocrx_word' id='word_1_65' title='bbox 1188 2579 1219 2628; x_wconf 90' lang='lat' dir='ltr'>et</span> <span class='ocrx_word' id='word_1_66' title='bbox 1243 2580 1367 2648; x_wconf 87' lang='lat' dir='ltr'>reperte</span> <span class='ocrx_word' id='word_1_67' title='bbox 1391 2585 1464 2628; x_wconf 90' lang='lat' dir='ltr'>cum</span> 
     </span>
     <span class='ocr_line' id='line_1_11' title="bbox 201 2672 586 2739; baseline 0.008 -4"><span class='ocrx_word' id='word_1_68' title='bbox 201 2673 327 2737; x_wconf 89' lang='lat' dir='ltr'>delectu</span> <span class='ocrx_word' id='word_1_69' title='bbox 344 2722 351 2737; x_wconf 95' lang='lat'>.</span> <span class='ocrx_word' id='word_1_70' title='bbox 368 2723 375 2737; x_wconf 94' lang='lat'>.</span> <span class='ocrx_word' id='word_1_71' title='bbox 392 2722 399 2737; x_wconf 86' lang='lat'>.</span> <span class='ocrx_word' id='word_1_72' title='bbox 422 2672 492 2739; x_wconf 84' lang='lat' dir='ltr'>llos.</span> <span class='ocrx_word' id='word_1_73' title='bbox 519 2673 586 2738; x_wconf 83' lang='lat' dir='ltr'>llll.</span> 
     </span>
    </p>

    <p class='ocr_par' dir='ltr' id='par_1_6' title="bbox 203 2776 1466 2969">
     <span class='ocr_line' id='line_1_12' title="bbox 306 2776 1466 2860; baseline -0.004 -17"><span class='ocrx_word' id='word_1_74' title='bbox 306 2777 384 2843; x_wconf 89' lang='lat' dir='ltr'>Item</span> <span class='ocrx_word' id='word_1_75' title='bbox 410 2780 556 2841; x_wconf 81' lang='lat' dir='ltr'>Andreas</span> <span class='ocrx_word' id='word_1_76' title='bbox 579 2779 724 2842; x_wconf 87' lang='lat' dir='ltr'>literatus</span> <span class='ocrx_word' id='word_1_77' title='bbox 746 2779 876 2842; x_wconf 87' lang='lat' dir='ltr'>curialis</span> <span class='ocrx_word' id='word_1_78' title='bbox 903 2793 1012 2841; x_wconf 91' lang='lat' dir='ltr'>noster</span> <span class='ocrx_word' id='word_1_79' title='bbox 1043 2778 1259 2860; x_wconf 79' lang='lat' dir='ltr'>zagrabiensis</span> <span class='ocrx_word' id='word_1_80' title='bbox 1290 2776 1402 2839; x_wconf 90' lang='lat' dir='ltr'>habuit</span> <span class='ocrx_word' id='word_1_81' title='bbox 1426 2777 1466 2839; x_wconf 96' lang='lat' dir='ltr'>de</span> 
     </span>
     <span class='ocr_line' id='line_1_13' title="bbox 203 2882 1400 2969; baseline 0 -21"><span class='ocrx_word' id='word_1_82' title='bbox 203 2887 351 2948; x_wconf 88' lang='lat' dir='ltr'>manibus</span> <span class='ocrx_word' id='word_1_83' title='bbox 375 2887 491 2950; x_wconf 90' lang='lat' dir='ltr'>nostris</span> <span class='ocrx_word' id='word_1_84' title='bbox 514 2902 545 2948; x_wconf 91' lang='lat' dir='ltr'>et</span> <span class='ocrx_word' id='word_1_85' title='bbox 569 2887 717 2969; x_wconf 86' lang='lat' dir='ltr'>exposuit</span> <span class='ocrx_word' id='word_1_86' title='bbox 740 2886 779 2948; x_wconf 87' lang='lat' dir='ltr'>ad</span> <span class='ocrx_word' id='word_1_87' title='bbox 804 2885 935 2948; x_wconf 90' lang='lat' dir='ltr'>eosdem</span> <span class='ocrx_word' id='word_1_88' title='bbox 959 2884 1088 2948; x_wconf 88' lang='lat' dir='ltr'>labores</span> <span class='ocrx_word' id='word_1_89' title='bbox 1106 2933 1113 2946; x_wconf 95' lang='lat'>.</span> <span class='ocrx_word' id='word_1_90' title='bbox 1130 2933 1161 2948; x_wconf 94' lang='lat'>..</span> <span class='ocrx_word' id='word_1_91' title='bbox 1187 2883 1255 2951; x_wconf 86' lang='lat' dir='ltr'>llor.</span> <span class='ocrx_word' id='word_1_92' title='bbox 1278 2882 1400 2948; x_wconf 73' lang='lat' dir='ltr'>l⁰Vllll.</span> 
     </span>
    </p>
   </div>
   <div class='ocr_carea' id='block_1_4' title="bbox 309 3066 1465 3253">
    <p class='ocr_par' dir='ltr' id='par_1_7' title="bbox 309 3066 1465 3253">
     <span class='ocr_line' id='line_1_14' title="bbox 797 3066 888 3128; baseline 0.022 -20"><span class='ocrx_word' id='word_1_93' title='bbox 797 3066 888 3128; x_wconf 80' lang='lat'><strong>¹50²·</strong></span> 
     </span>
     <span class='ocr_line' id='line_1_15' title="bbox 309 3168 1465 3253; baseline -0.003 -20"><span class='ocrx_word' id='word_1_94' title='bbox 309 3170 387 3234; x_wconf 90' lang='lat' dir='ltr'>ltem</span> <span class='ocrx_word' id='word_1_95' title='bbox 414 3170 492 3234; x_wconf 84' lang='lat' dir='ltr'>feria</span> <span class='ocrx_word' id='word_1_96' title='bbox 511 3172 652 3234; x_wconf 90' lang='lat' dir='ltr'>secunda</span> <span class='ocrx_word' id='word_1_97' title='bbox 670 3185 741 3253; x_wconf 93' lang='lat' dir='ltr'>post</span> <span class='ocrx_word' id='word_1_98' title='bbox 764 3169 880 3233; x_wconf 84' lang='lat' dir='ltr'>festum</span> <span class='ocrx_word' id='word_1_99' title='bbox 897 3184 1004 3233; x_wconf 90' lang='lat' dir='ltr'>sancte</span> <span class='ocrx_word' id='word_1_100' title='bbox 1029 3169 1197 3232; x_wconf 89' lang='lat' dir='ltr'>Trinitatis</span> <span class='ocrx_word' id='word_1_101' title='bbox 1221 3187 1278 3251; x_wconf 90' lang='lat' dir='ltr'>per</span> <span class='ocrx_word' id='word_1_102' title='bbox 1302 3168 1465 3230; x_wconf 82' lang='lat' dir='ltr'>Andresm</span> 
     </span>
    </p>
   </div>
   <div class='ocr_carea' id='block_1_5' title="bbox 76 3275 1466 3358">
    <p class='ocr_par' dir='ltr' id='par_1_8' title="bbox 76 3275 1466 3358">
     <span class='ocr_line' id='line_1_16' title="bbox 76 3275 1466 3358; baseline -0.002 -20"><span class='ocrx_word' id='word_1_103' title='bbox 76 3351 79 3357; x_wconf 24' lang='grc' dir='ltr'>Ι</span> <span class='ocrx_word' id='word_1_104' title='bbox 204 3275 391 3355; x_wconf 81' lang='lat' dir='ltr'>Ductorem,</span> <span class='ocrx_word' id='word_1_105' title='bbox 414 3277 676 3339; x_wconf 85' lang='lat' dir='ltr'>archidiaconum</span> <span class='ocrx_word' id='word_1_106' title='bbox 703 3277 839 3338; x_wconf 89' lang='lat' dir='ltr'>Kemlelt</span> <span class='ocrx_word' id='word_1_107' title='bbox 857 3291 888 3339; x_wconf 92' lang='lat' dir='ltr'>et</span> <span class='ocrx_word' id='word_1_108' title='bbox 912 3277 1047 3339; x_wconf 89' lang='lat' dir='ltr'>Paulum</span> <span class='ocrx_word' id='word_1_109' title='bbox 1074 3275 1205 3358; x_wconf 86' lang='lat' dir='ltr'>Roycha</span> <span class='ocrx_word' id='word_1_110' title='bbox 1223 3275 1397 3337; x_wconf 90' lang='lat' dir='ltr'>canonicos</span> <span class='ocrx_word' id='word_1_111' title='bbox 1415 3294 1466 3335; x_wconf 90' lang='lat' dir='ltr'>za·</span> 
     </span>
    </p>
   </div>
   <div class='ocr_carea' id='block_1_6' title="bbox 205 3382 1470 3994">
    <p class='ocr_par' dir='ltr' id='par_1_9' title="bbox 205 3382 1466 3553">
     <span class='ocr_line' id='line_1_17' title="bbox 205 3382 1466 3465; baseline -0.002 -23"><span class='ocrx_word' id='word_1_112' title='bbox 205 3382 393 3461; x_wconf 78' lang='lat' dir='ltr'>grabienses</span> <span class='ocrx_word' id='word_1_113' title='bbox 416 3383 563 3445; x_wconf 87' lang='lat' dir='ltr'>misimus</span> <span class='ocrx_word' id='word_1_114' title='bbox 587 3382 741 3465; x_wconf 92' lang='lat' dir='ltr'>Capitulo</span> <span class='ocrx_word' id='word_1_115' title='bbox 766 3401 824 3465; x_wconf 95' lang='lat' dir='ltr'>pro</span> <span class='ocrx_word' id='word_1_116' title='bbox 856 3383 1084 3445; x_wconf 85' lang='lat' dir='ltr'>continuandis</span> <span class='ocrx_word' id='word_1_117' title='bbox 1116 3382 1192 3463; x_wconf 92' lang='lat' dir='ltr'>ipsis</span> <span class='ocrx_word' id='word_1_118' title='bbox 1226 3382 1466 3443; x_wconf 86' lang='lat' dir='ltr'>laboribus...</span> 
     </span>
     <span class='ocr_line' id='line_1_18' title="bbox 205 3486 473 3553; baseline 0.004 -5"><span class='ocrx_word' id='word_1_119' title='bbox 205 3486 274 3551; x_wconf 85' lang='lat' dir='ltr'>flor.</span> <span class='ocrx_word' id='word_1_120' title='bbox 297 3489 348 3553; x_wconf 74' lang='lat' dir='ltr'>V0.</span> <span class='ocrx_word' id='word_1_121' title='bbox 468 3525 473 3533; x_wconf 92' lang='lat'>·</span> 
     </span>
    </p>

    <p class='ocr_par' dir='ltr' id='par_1_10' title="bbox 205 3592 1470 3994">
     <span class='ocr_line' id='line_1_19' title="bbox 311 3592 1467 3676; baseline 0.001 -23"><span class='ocrx_word' id='word_1_122' title='bbox 311 3593 389 3656; x_wconf 90' lang='lat' dir='ltr'>ltem</span> <span class='ocrx_word' id='word_1_123' title='bbox 415 3594 447 3655; x_wconf 93' lang='lat' dir='ltr'>in</span> <span class='ocrx_word' id='word_1_124' title='bbox 471 3595 581 3676; x_wconf 79' lang='lat' dir='ltr'>vigilia</span> <span class='ocrx_word' id='word_1_125' title='bbox 606 3592 675 3656; x_wconf 84' lang='lat' dir='ltr'>festi</span> <span class='ocrx_word' id='word_1_126' title='bbox 710 3594 929 3656; x_wconf 88' lang='lat' dir='ltr'>Bartholomei</span> <span class='ocrx_word' id='word_1_127' title='bbox 963 3594 1113 3675; x_wconf 89' lang='lat' dir='ltr'>apostoli,</span> <span class='ocrx_word' id='word_1_128' title='bbox 1137 3613 1209 3655; x_wconf 91' lang='lat' dir='ltr'>cum</span> <span class='ocrx_word' id='word_1_129' title='bbox 1235 3612 1295 3655; x_wconf 91' lang='lat' dir='ltr'>nos</span> <span class='ocrx_word' id='word_1_130' title='bbox 1319 3612 1467 3676; x_wconf 83' lang='lat' dir='ltr'>persona·</span> 
     </span>
     <span class='ocr_line' id='line_1_20' title="bbox 205 3699 1467 3782; baseline -0.001 -23"><span class='ocrx_word' id='word_1_131' title='bbox 205 3699 278 3760; x_wconf 92' lang='lat' dir='ltr'>liter</span> <span class='ocrx_word' id='word_1_132' title='bbox 310 3703 558 3782; x_wconf 84' lang='lat' dir='ltr'>expectabamus</span> <span class='ocrx_word' id='word_1_133' title='bbox 590 3702 765 3762; x_wconf 84' lang='lat' dir='ltr'>adventum</span> <span class='ocrx_word' id='word_1_134' title='bbox 798 3701 949 3782; x_wconf 81' lang='lat' dir='ltr'>reginalis</span> <span class='ocrx_word' id='word_1_135' title='bbox 981 3700 1165 3776; x_wconf 81' lang='lat' dir='ltr'>Maiestatis,</span> <span class='ocrx_word' id='word_1_136' title='bbox 1194 3720 1249 3781; x_wconf 88' lang='lat' dir='ltr'>per</span> <span class='ocrx_word' id='word_1_137' title='bbox 1281 3699 1467 3780; x_wconf 82' lang='lat' dir='ltr'>magistrum</span> 
     </span>
     <span class='ocr_line' id='line_1_21' title="bbox 206 3804 1470 3884; baseline 0 -19"><span class='ocrx_word' id='word_1_138' title='bbox 206 3804 386 3867; x_wconf 88' lang='lat' dir='ltr'>lobannem</span> <span class='ocrx_word' id='word_1_139' title='bbox 412 3807 644 3884; x_wconf 88' lang='lat' dir='ltr'>chasmensem,</span> <span class='ocrx_word' id='word_1_140' title='bbox 665 3807 868 3884; x_wconf 89' lang='lat' dir='ltr'>canonicum,</span> <span class='ocrx_word' id='word_1_141' title='bbox 893 3807 1039 3868; x_wconf 89' lang='lat' dir='ltr'>misimus</span> <span class='ocrx_word' id='word_1_142' title='bbox 1055 3805 1095 3866; x_wconf 93' lang='lat' dir='ltr'>ad</span> <span class='ocrx_word' id='word_1_143' title='bbox 1120 3806 1293 3867; x_wconf 89' lang='lat' dir='ltr'>sacristiam</span> <span class='ocrx_word' id='word_1_144' title='bbox 1320 3805 1470 3865; x_wconf 88' lang='lat' dir='ltr'>manibus</span> 
     </span>
     <span class='ocr_line' id='line_1_22' title="bbox 205 3910 907 3994; baseline 0.004 -22"><span class='ocrx_word' id='word_1_145' title='bbox 205 3910 414 3973; x_wconf 89' lang='lat' dir='ltr'>dominorum</span> <span class='ocrx_word' id='word_1_146' title='bbox 439 3913 743 3994; x_wconf 90' lang='lat' dir='ltr'>presentandos...</span> <span class='ocrx_word' id='word_1_147' title='bbox 767 3912 836 3977; x_wconf 90' lang='lat' dir='ltr'>flor.</span> <span class='ocrx_word' id='word_1_148' title='bbox 861 3912 907 3975; x_wconf 75' lang='lat'>11⁰.</span> 
     </span>
    </p>
   </div>
   <div class='ocr_carea' id='block_1_7' title="bbox 205 4093 1471 4492">
    <p class='ocr_par' dir='ltr' id='par_1_11' title="bbox 792 4093 884 4154">
     <span class='ocr_line' id='line_1_23' title="bbox 792 4093 884 4154; baseline 0.011 -20"><span class='ocrx_word' id='word_1_149' title='bbox 792 4093 884 4154; x_wconf 82' lang='lat'>¹503·</span> 
     </span>
    </p>

    <p class='ocr_par' dir='ltr' id='par_1_12' title="bbox 205 4194 1471 4492">
     <span class='ocr_line' id='line_1_24' title="bbox 313 4194 1469 4279; baseline -0.003 -19"><span class='ocrx_word' id='word_1_150' title='bbox 313 4195 389 4260; x_wconf 89' lang='lat' dir='ltr'>ltem</span> <span class='ocrx_word' id='word_1_151' title='bbox 416 4197 493 4260; x_wconf 90' lang='lat' dir='ltr'>leria</span> <span class='ocrx_word' id='word_1_152' title='bbox 518 4212 604 4259; x_wconf 86' lang='lat' dir='ltr'>sexta</span> <span class='ocrx_word' id='word_1_153' title='bbox 630 4198 776 4279; x_wconf 86' lang='lat' dir='ltr'>proxima</span> <span class='ocrx_word' id='word_1_154' title='bbox 800 4211 873 4259; x_wconf 90' lang='lat' dir='ltr'>ante</span> <span class='ocrx_word' id='word_1_155' title='bbox 899 4197 1014 4259; x_wconf 89' lang='lat' dir='ltr'>lestum</span> <span class='ocrx_word' id='word_1_156' title='bbox 1048 4199 1139 4258; x_wconf 90' lang='lat' dir='ltr'>beate</span> <span class='ocrx_word' id='word_1_157' title='bbox 1165 4194 1296 4277; x_wconf 79' lang='lat' dir='ltr'>Sophia,</span> <span class='ocrx_word' id='word_1_158' title='bbox 1323 4214 1380 4276; x_wconf 89' lang='lat' dir='ltr'>per</span> <span class='ocrx_word' id='word_1_159' title='bbox 1404 4214 1469 4256; x_wconf 89' lang='lat' dir='ltr'>ma·</span> 
     </span>
     <span class='ocr_line' id='line_1_25' title="bbox 205 4302 1471 4385; baseline -0.003 -20"><span class='ocrx_word' id='word_1_160' title='bbox 205 4304 340 4385; x_wconf 79' lang='lat' dir='ltr'>gistrum</span> <span class='ocrx_word' id='word_1_161' title='bbox 375 4303 540 4366; x_wconf 88' lang='lat' dir='ltr'>Matheum</span> <span class='ocrx_word' id='word_1_162' title='bbox 574 4304 740 4366; x_wconf 90' lang='lat' dir='ltr'>custodem</span> <span class='ocrx_word' id='word_1_163' title='bbox 775 4318 805 4365; x_wconf 90' lang='lat' dir='ltr'>et</span> <span class='ocrx_word' id='word_1_164' title='bbox 844 4305 1035 4366; x_wconf 88' lang='lat' dir='ltr'>canonicum</span> <span class='ocrx_word' id='word_1_165' title='bbox 1072 4303 1292 4365; x_wconf 88' lang='lat' dir='ltr'>chasmensem</span> <span class='ocrx_word' id='word_1_166' title='bbox 1325 4302 1471 4362; x_wconf 88' lang='lat' dir='ltr'>misimus</span> 
     </span>
     <span class='ocr_line' id='line_1_26' title="bbox 207 4407 871 4492; baseline 0.005 -20"><span class='ocrx_word' id='word_1_167' title='bbox 207 4409 362 4491; x_wconf 81' lang='lat' dir='ltr'>Capitulo</span> <span class='ocrx_word' id='word_1_168' title='bbox 386 4411 584 4492; x_wconf 79' lang='lat' dir='ltr'>zagtabiensi</span> <span class='ocrx_word' id='word_1_169' title='bbox 603 4460 609 4472; x_wconf 95' lang='lat'>.</span> <span class='ocrx_word' id='word_1_170' title='bbox 628 4459 661 4471; x_wconf 88' lang='lat'>..</span> <span class='ocrx_word' id='word_1_171' title='bbox 698 4409 768 4475; x_wconf 86' lang='lat' dir='ltr'>llor.</span> <span class='ocrx_word' id='word_1_172' title='bbox 790 4407 871 4475; x_wconf 73' lang='lat' dir='ltr'>llllll.</span> 
     </span>
    </p>
   </div>
   <div class='ocr_carea' id='block_1_8' title="bbox 207 4573 1471 4867">
    <p class='ocr_par' dir='ltr' id='par_1_13' title="bbox 207 4573 1471 4867">
     <span class='ocr_line' id='line_1_27' title="bbox 793 4574 885 4616; baseline 0.022 -2"><span class='ocrx_word' id='word_1_173' title='bbox 793 4574 801 4614; x_wconf 90' lang='lat' dir='ltr'>t</span> <span class='ocrx_word' id='word_1_174' title='bbox 831 4574 885 4616; x_wconf 91' lang='lat' dir='ltr'>o.</span> 
     </span>
     <span class='ocr_line' id='line_1_28' title="bbox 315 4573 1471 4757; baseline -0.005 -18"><span class='ocrx_word' id='word_1_175' title='bbox 315 4677 391 4739; x_wconf 89' lang='lat' dir='ltr'>ltem</span> <span class='ocrx_word' id='word_1_176' title='bbox 419 4677 449 4738; x_wconf 90' lang='lat' dir='ltr'>in</span> <span class='ocrx_word' id='word_1_177' title='bbox 475 4673 556 4739; x_wconf 85' lang='lat' dir='ltr'>festo</span> <span class='ocrx_word' id='word_1_178' title='bbox 581 4575 827 4739; x_wconf 79' lang='lat' dir='ltr'>Conversionis⁵</span> <span class='ocrx_word' id='word_1_179' title='bbox 845 4573 928 4738; x_wconf 62' lang='lat' dir='ltr'>b4esti</span> <span class='ocrx_word' id='word_1_180' title='bbox 960 4675 1050 4737; x_wconf 83' lang='lat' dir='ltr'>Pauli</span> <span class='ocrx_word' id='word_1_181' title='bbox 1083 4674 1233 4757; x_wconf 92' lang='lat' dir='ltr'>apostoli,</span> <span class='ocrx_word' id='word_1_182' title='bbox 1257 4671 1399 4755; x_wconf 90' lang='lat' dir='ltr'>nosipsi</span> <span class='ocrx_word' id='word_1_183' title='bbox 1423 4690 1471 4735; x_wconf 88' lang='lat' dir='ltr'>as·</span> 
     </span>
     <span class='ocr_line' id='line_1_29' title="bbox 207 4779 964 4867; baseline 0 -21"><span class='ocrx_word' id='word_1_184' title='bbox 207 4783 407 4867; x_wconf 78' lang='lat' dir='ltr'>signavimus</span> <span class='ocrx_word' id='word_1_185' title='bbox 434 4782 592 4866; x_wconf 89' lang='lat' dir='ltr'>Capitulo</span> <span class='ocrx_word' id='word_1_186' title='bbox 610 4831 617 4848; x_wconf 94' lang='lat'>.</span> <span class='ocrx_word' id='word_1_187' title='bbox 635 4833 642 4847; x_wconf 96' lang='lat'>.</span> <span class='ocrx_word' id='word_1_188' title='bbox 660 4831 667 4847; x_wconf 93' lang='lat'>.</span> <span class='ocrx_word' id='word_1_189' title='bbox 689 4779 964 4847; x_wconf 59' lang='lat' dir='ltr'>1¹vlttvxxvttlt.</span> 
     </span>
    </p>
   </div>
   <div class='ocr_carea' id='block_1_9' title="bbox 0 0 1732 5256">
    <p class='ocr_par' dir='ltr' id='par_1_14' title="bbox 0 0 1732 5256">
     <span class='ocr_line' id='line_1_30' title="bbox 0 0 1732 5256; baseline 0 0"><span class='ocrx_word' id='word_1_190' title='bbox 0 0 1732 5256; x_wconf 95' lang='lat' dir='ltr'> </span> 
     </span>
    </p>
   </div>
  </div>
 </body>
</html>
