<?xml version="1.0" encoding="UTF-8"?>
<!DOCTYPE html PUBLIC "-//W3C//DTD XHTML 1.0 Transitional//EN"
    "http://www.w3.org/TR/xhtml1/DTD/xhtml1-transitional.dtd">
<html xmlns="http://www.w3.org/1999/xhtml" xml:lang="en" lang="en">
 <head>
  <title>
</title>
<meta http-equiv="Content-Type" content="text/html;charset=utf-8" />
  <meta name='ocr-system' content='tesseract 3.04.00' />
  <meta name='ocr-capabilities' content='ocr_page ocr_carea ocr_par ocr_line ocrx_word'/>
</head>
<body>
  <div class='ocr_page' id='page_1' title='image "./monumentahistor02laszgoog_0083.png"; bbox 0 0 3428 5256; ppageno 0'>
   <div class='ocr_carea' id='block_1_1' title="bbox 503 1324 1199 1428">
    <p class='ocr_par' dir='ltr' id='par_1_1' title="bbox 503 1324 1199 1428">
     <span class='ocr_line' id='line_1_1' title="bbox 503 1324 1199 1428; baseline 0 -13"><span class='ocrx_word' id='word_1_1' title='bbox 503 1328 631 1428; x_wconf 85' lang='lat' dir='ltr'>(Anno</span> <span class='ocrx_word' id='word_1_2' title='bbox 658 1326 815 1415; x_wconf 87' lang='lat' dir='ltr'>Domini</span> <span class='ocrx_word' id='word_1_3' title='bbox 842 1324 1199 1425; x_wconf 73' lang='lat' dir='ltr'>nosocomo.)</span> 
     </span>
    </p>
   </div>
   <div class='ocr_carea' id='block_1_2' title="bbox 795 1542 900 1551">
    <p class='ocr_par' dir='ltr' id='par_1_2' title="bbox 795 1542 900 1551">
     <span class='ocr_line' id='line_1_2' title="bbox 795 1542 900 1551; baseline -0.01 -1"><span class='ocrx_word' id='word_1_4' title='bbox 795 1542 900 1551; x_wconf 78' lang='lat'><strong><em>——-.</em></strong></span> 
     </span>
    </p>
   </div>
   <div class='ocr_carea' id='block_1_3' title="bbox 214 1665 1484 2115">
    <p class='ocr_par' dir='ltr' id='par_1_3' title="bbox 214 1665 1484 2115">
     <span class='ocr_line' id='line_1_3' title="bbox 219 1665 1477 1767; baseline 0 -24"><span class='ocrx_word' id='word_1_5' title='bbox 219 1668 306 1743; x_wconf 90' lang='lat' dir='ltr'>ltem</span> <span class='ocrx_word' id='word_1_6' title='bbox 334 1668 366 1742; x_wconf 91' lang='lat' dir='ltr'>in</span> <span class='ocrx_word' id='word_1_7' title='bbox 396 1691 489 1742; x_wconf 91' lang='lat' dir='ltr'>anno</span> <span class='ocrx_word' id='word_1_8' title='bbox 515 1665 657 1741; x_wconf 86' lang='lat' dir='ltr'>Domini</span> <span class='ocrx_word' id='word_1_9' title='bbox 688 1667 874 1741; x_wconf 87' lang='lat' dir='ltr'>millesimo</span> <span class='ocrx_word' id='word_1_10' title='bbox 895 1665 1250 1766; x_wconf 84' lang='lat' dir='ltr'>quadringentesimo</span> <span class='ocrx_word' id='word_1_11' title='bbox 1279 1674 1477 1767; x_wconf 86' lang='lat' dir='ltr'>septuage-</span> 
     </span>
     <span class='ocr_line' id='line_1_4' title="bbox 220 1790 1483 1889; baseline 0.002 -25"><span class='ocrx_word' id='word_1_12' title='bbox 220 1794 309 1866; x_wconf 89' lang='lat' dir='ltr'>simo</span> <span class='ocrx_word' id='word_1_13' title='bbox 339 1792 509 1889; x_wconf 85' lang='lat' dir='ltr'>septimo,</span> <span class='ocrx_word' id='word_1_14' title='bbox 548 1804 711 1889; x_wconf 89' lang='lat' dir='ltr'>ternpore</span> <span class='ocrx_word' id='word_1_15' title='bbox 748 1790 917 1866; x_wconf 88' lang='lat' dir='ltr'>videlicet</span> <span class='ocrx_word' id='word_1_16' title='bbox 941 1790 1121 1888; x_wconf 90' lang='lat' dir='ltr'>judicatus</span> <span class='ocrx_word' id='word_1_17' title='bbox 1150 1790 1283 1867; x_wconf 89' lang='lat' dir='ltr'>Mathie</span> <span class='ocrx_word' id='word_1_18' title='bbox 1319 1792 1483 1868; x_wconf 91' lang='lat' dir='ltr'>moderni</span> 
     </span>
     <span class='ocr_line' id='line_1_5' title="bbox 214 1912 1482 2015; baseline 0.001 -25"><span class='ocrx_word' id='word_1_19' title='bbox 214 1912 356 2012; x_wconf 78' lang='lat' dir='ltr'>judieiS,</span> <span class='ocrx_word' id='word_1_20' title='bbox 396 1914 454 1990; x_wconf 90' lang='lat' dir='ltr'>lilii</span> <span class='ocrx_word' id='word_1_21' title='bbox 493 1914 616 2001; x_wconf 83' lang='lat' dir='ltr'>blarci,</span> <span class='ocrx_word' id='word_1_22' title='bbox 656 1916 811 1990; x_wconf 86' lang='lat' dir='ltr'>civitatis</span> <span class='ocrx_word' id='word_1_23' title='bbox 850 1923 1053 2013; x_wconf 85' lang='lat' dir='ltr'>prenotate,</span> <span class='ocrx_word' id='word_1_24' title='bbox 1083 1938 1232 2015; x_wconf 87' lang='lat' dir='ltr'>presens</span> <span class='ocrx_word' id='word_1_25' title='bbox 1270 1914 1482 1991; x_wconf 87' lang='lat' dir='ltr'>lratbemum</span> 
     </span>
     <span class='ocr_line' id='line_1_6' title="bbox 220 2037 1484 2115; baseline 0.002 -2"><span class='ocrx_word' id='word_1_26' title='bbox 220 2049 278 2115; x_wconf 84' lang='lat' dir='ltr'>est</span> <span class='ocrx_word' id='word_1_27' title='bbox 306 2040 438 2114; x_wconf 87' lang='lat' dir='ltr'>facturn</span> <span class='ocrx_word' id='word_1_28' title='bbox 460 2038 550 2114; x_wconf 84' lang='lat' dir='ltr'>feria</span> <span class='ocrx_word' id='word_1_29' title='bbox 569 2046 675 2114; x_wconf 87' lang='lat' dir='ltr'>sexta</span> <span class='ocrx_word' id='word_1_30' title='bbox 694 2048 778 2113; x_wconf 85' lang='lat' dir='ltr'>ante</span> <span class='ocrx_word' id='word_1_31' title='bbox 799 2038 930 2113; x_wconf 91' lang='lat' dir='ltr'>festum</span> <span class='ocrx_word' id='word_1_32' title='bbox 952 2037 1218 2114; x_wconf 76' lang='lat' dir='ltr'>l&#39;urilicacionis</span> <span class='ocrx_word' id='word_1_33' title='bbox 1238 2039 1348 2115; x_wconf 86' lang='lat' dir='ltr'>beate</span> <span class='ocrx_word' id='word_1_34' title='bbox 1368 2038 1484 2115; x_wconf 85' lang='lat' dir='ltr'>lllarie</span> 
     </span>
    </p>
   </div>
   <div class='ocr_carea' id='block_1_4' title="bbox 219 2165 1482 2512">
    <p class='ocr_par' dir='ltr' id='par_1_4' title="bbox 219 2165 1482 2512">
     <span class='ocr_line' id='line_1_7' title="bbox 219 2165 1481 2264; baseline 0.002 -26"><span class='ocrx_word' id='word_1_35' title='bbox 219 2166 365 2264; x_wconf 84' lang='lat' dir='ltr'>virginis</span> <span class='ocrx_word' id='word_1_36' title='bbox 408 2188 516 2263; x_wconf 87' lang='lat' dir='ltr'>super</span> <span class='ocrx_word' id='word_1_37' title='bbox 544 2166 807 2263; x_wconf 85' lang='lat' dir='ltr'>registracione</span> <span class='ocrx_word' id='word_1_38' title='bbox 838 2165 1018 2239; x_wconf 89' lang='lat' dir='ltr'>literarum</span> <span class='ocrx_word' id='word_1_39' title='bbox 1056 2165 1325 2263; x_wconf 88' lang='lat' dir='ltr'>privilegialium</span> <span class='ocrx_word' id='word_1_40' title='bbox 1354 2166 1481 2242; x_wconf 89' lang='lat' dir='ltr'>civium</span> 
     </span>
     <span class='ocr_line' id='line_1_8' title="bbox 221 2288 1482 2388; baseline 0.002 -25"><span class='ocrx_word' id='word_1_41' title='bbox 221 2300 258 2364; x_wconf 90' lang='lat' dir='ltr'>et</span> <span class='ocrx_word' id='word_1_42' title='bbox 287 2290 562 2364; x_wconf 82' lang='lat' dir='ltr'>inhabitatorum</span> <span class='ocrx_word' id='word_1_43' title='bbox 597 2290 752 2364; x_wconf 86' lang='lat' dir='ltr'>civitatis</span> <span class='ocrx_word' id='word_1_44' title='bbox 782 2298 984 2388; x_wconf 84' lang='lat' dir='ltr'>prenotate,</span> <span class='ocrx_word' id='word_1_45' title='bbox 1018 2290 1125 2363; x_wconf 92' lang='lat' dir='ltr'>modo</span> <span class='ocrx_word' id='word_1_46' title='bbox 1155 2300 1193 2365; x_wconf 87' lang='lat' dir='ltr'>et</span> <span class='ocrx_word' id='word_1_47' title='bbox 1222 2290 1347 2365; x_wconf 87' lang='lat' dir='ltr'>ordine</span> <span class='ocrx_word' id='word_1_48' title='bbox 1374 2288 1482 2367; x_wconf 87' lang='lat' dir='ltr'>inlra·</span> 
     </span>
     <span class='ocr_line' id='line_1_9' title="bbox 772 2412 928 2512; baseline -0.013 -23"><span class='ocrx_word' id='word_1_49' title='bbox 772 2412 928 2512; x_wconf 79' lang='lat' dir='ltr'>scriptia.</span> 
     </span>
    </p>
   </div>
   <div class='ocr_carea' id='block_1_5' title="bbox 730 2608 977 2686">
    <p class='ocr_par' dir='ltr' id='par_1_5' title="bbox 730 2608 977 2686">
     <span class='ocr_line' id='line_1_10' title="bbox 730 2608 977 2686; baseline 0.02 -20"><span class='ocrx_word' id='word_1_50' title='bbox 730 2622 789 2686; x_wconf 76' lang='lat'><em>(31.</em></span> <span class='ocrx_word' id='word_1_51' title='bbox 806 2608 977 2685; x_wconf 72' lang='lat' dir='ltr'>jurnuurii).</span> 
     </span>
    </p>
   </div>
   <div class='ocr_carea' id='block_1_6' title="bbox 221 2730 1484 4831">
    <p class='ocr_par' dir='ltr' id='par_1_6' title="bbox 221 2730 1484 4301">
     <span class='ocr_line' id='line_1_11' title="bbox 327 2730 1483 2814; baseline 0.003 -22"><span class='ocrx_word' id='word_1_52' title='bbox 327 2732 402 2793; x_wconf 91' lang='lat' dir='ltr'>ltem</span> <span class='ocrx_word' id='word_1_53' title='bbox 429 2732 516 2813; x_wconf 91' lang='lat' dir='ltr'>quod</span> <span class='ocrx_word' id='word_1_54' title='bbox 535 2731 609 2811; x_wconf 87' lang='lat' dir='ltr'>quia</span> <span class='ocrx_word' id='word_1_55' title='bbox 628 2730 773 2792; x_wconf 88' lang='lat' dir='ltr'>vendidit</span> <span class='ocrx_word' id='word_1_56' title='bbox 790 2731 943 2811; x_wconf 88' lang='lat' dir='ltr'>providus</span> <span class='ocrx_word' id='word_1_57' title='bbox 960 2732 1007 2791; x_wconf 91' lang='lat' dir='ltr'>vir</span> <span class='ocrx_word' id='word_1_58' title='bbox 1026 2732 1143 2793; x_wconf 82' lang='lat' dir='ltr'>Paulus</span> <span class='ocrx_word' id='word_1_59' title='bbox 1160 2730 1300 2793; x_wconf 80' lang='lat' dir='ltr'>carnifex</span> <span class='ocrx_word' id='word_1_60' title='bbox 1317 2732 1483 2814; x_wconf 78' lang='lat' dir='ltr'>legatiticz</span> 
     </span>
     <span class='ocr_line' id='line_1_12' title="bbox 221 2838 1483 2919; baseline 0.003 -20"><span class='ocrx_word' id='word_1_61' title='bbox 221 2840 324 2900; x_wconf 90' lang='lat' dir='ltr'>dictus</span> <span class='ocrx_word' id='word_1_62' title='bbox 349 2839 503 2919; x_wconf 89' lang='lat' dir='ltr'>quasdam</span> <span class='ocrx_word' id='word_1_63' title='bbox 529 2859 602 2899; x_wconf 89' lang='lat' dir='ltr'>suas</span> <span class='ocrx_word' id='word_1_64' title='bbox 626 2853 723 2899; x_wconf 90' lang='lat' dir='ltr'>terras</span> <span class='ocrx_word' id='word_1_65' title='bbox 755 2838 890 2899; x_wconf 89' lang='lat' dir='ltr'>arabiles</span> <span class='ocrx_word' id='word_1_66' title='bbox 923 2839 954 2898; x_wconf 93' lang='lat' dir='ltr'>in</span> <span class='ocrx_word' id='word_1_67' title='bbox 988 2858 1102 2919; x_wconf 91' lang='lat' dir='ltr'>campo</span> <span class='ocrx_word' id='word_1_68' title='bbox 1126 2853 1156 2900; x_wconf 90' lang='lat' dir='ltr'>et</span> <span class='ocrx_word' id='word_1_69' title='bbox 1186 2840 1347 2902; x_wconf 87' lang='lat' dir='ltr'>territorio</span> <span class='ocrx_word' id='word_1_70' title='bbox 1372 2855 1483 2903; x_wconf 88' lang='lat' dir='ltr'>nostro</span> 
     </span>
     <span class='ocr_line' id='line_1_13' title="bbox 222 2944 1484 3027; baseline 0.002 -21"><span class='ocrx_word' id='word_1_71' title='bbox 222 2965 318 3027; x_wconf 88' lang='lat' dir='ltr'>pencs</span> <span class='ocrx_word' id='word_1_72' title='bbox 343 2961 440 3006; x_wconf 91' lang='lat' dir='ltr'>terras</span> <span class='ocrx_word' id='word_1_73' title='bbox 465 2946 602 3006; x_wconf 88' lang='lat' dir='ltr'>arabiles</span> <span class='ocrx_word' id='word_1_74' title='bbox 636 2946 776 3005; x_wconf 87' lang='lat' dir='ltr'>virorum</span> <span class='ocrx_word' id='word_1_75' title='bbox 811 2944 1019 3026; x_wconf 89' lang='lat' dir='ltr'>providorum</span> <span class='ocrx_word' id='word_1_76' title='bbox 1053 2960 1083 3005; x_wconf 91' lang='lat' dir='ltr'>et</span> <span class='ocrx_word' id='word_1_77' title='bbox 1114 2945 1321 3007; x_wconf 91' lang='lat' dir='ltr'>honestorum</span> <span class='ocrx_word' id='word_1_78' title='bbox 1347 2946 1484 3010; x_wconf 81' lang='lat' dir='ltr'>ntecnit</span> 
     </span>
     <span class='ocr_line' id='line_1_14' title="bbox 221 3050 1479 3141; baseline 0.005 -31"><span class='ocrx_word' id='word_1_79' title='bbox 221 3051 355 3112; x_wconf 88' lang='lat' dir='ltr'>senioris</span> <span class='ocrx_word' id='word_1_80' title='bbox 379 3050 471 3130; x_wconf 77' lang='lat' dir='ltr'>jurati</span> <span class='ocrx_word' id='word_1_81' title='bbox 496 3065 526 3111; x_wconf 90' lang='lat' dir='ltr'>et</span> <span class='ocrx_word' id='word_1_82' title='bbox 550 3052 691 3111; x_wconf 84' lang='lat' dir='ltr'>concivis</span> <span class='ocrx_word' id='word_1_83' title='bbox 713 3051 823 3128; x_wconf 84' lang='lat' dir='ltr'>nostri,</span> <span class='ocrx_word' id='word_1_84' title='bbox 847 3050 1121 3132; x_wconf 86' lang='lat' dir='ltr'>ascptemtrione,</span> <span class='ocrx_word' id='word_1_85' title='bbox 1145 3052 1184 3112; x_wconf 94' lang='lat' dir='ltr'>ab</span> <span class='ocrx_word' id='word_1_86' title='bbox 1209 3052 1376 3141; x_wconf 70' lang='lat' dir='ltr'>occidente</span> <span class='ocrx_word' id='word_1_87' title='bbox 1400 3073 1479 3116; x_wconf 87' lang='lat' dir='ltr'>vero</span> 
     </span>
     <span class='ocr_line' id='line_1_15' title="bbox 223 3156 1481 3236; baseline 0.002 -18"><span class='ocrx_word' id='word_1_88' title='bbox 223 3156 341 3218; x_wconf 79' lang='lat' dir='ltr'>biarbie</span> <span class='ocrx_word' id='word_1_89' title='bbox 366 3156 532 3234; x_wconf 88' lang='lat' dir='ltr'>carnilicis,</span> <span class='ocrx_word' id='word_1_90' title='bbox 557 3157 634 3217; x_wconf 91' lang='lat' dir='ltr'>olim</span> <span class='ocrx_word' id='word_1_91' title='bbox 661 3157 753 3236; x_wconf 92' lang='lat' dir='ltr'>jurati</span> <span class='ocrx_word' id='word_1_92' title='bbox 783 3171 812 3217; x_wconf 90' lang='lat' dir='ltr'>et</span> <span class='ocrx_word' id='word_1_93' title='bbox 845 3158 985 3218; x_wconf 90' lang='lat' dir='ltr'>concivis</span> <span class='ocrx_word' id='word_1_94' title='bbox 1017 3158 1130 3236; x_wconf 84' lang='lat' dir='ltr'>nostri,</span> <span class='ocrx_word' id='word_1_95' title='bbox 1161 3161 1201 3219; x_wconf 91' lang='lat' dir='ltr'>ab</span> <span class='ocrx_word' id='word_1_96' title='bbox 1225 3158 1348 3219; x_wconf 86' lang='lat' dir='ltr'>oriente</span> <span class='ocrx_word' id='word_1_97' title='bbox 1373 3172 1481 3221; x_wconf 87' lang='lat' dir='ltr'>autem</span> 
     </span>
     <span class='ocr_line' id='line_1_16' title="bbox 221 3262 1483 3349; baseline 0.003 -25"><span class='ocrx_word' id='word_1_98' title='bbox 221 3284 310 3324; x_wconf 82' lang='lat' dir='ltr'>secus</span> <span class='ocrx_word' id='word_1_99' title='bbox 342 3262 425 3322; x_wconf 90' lang='lat' dir='ltr'>viam</span> <span class='ocrx_word' id='word_1_100' title='bbox 459 3282 676 3339; x_wconf 87' lang='lat' dir='ltr'>communem,</span> <span class='ocrx_word' id='word_1_101' title='bbox 709 3284 744 3323; x_wconf 91' lang='lat' dir='ltr'>ac</span> <span class='ocrx_word' id='word_1_102' title='bbox 776 3284 792 3324; x_wconf 91' lang='lat' dir='ltr'>a</span> <span class='ocrx_word' id='word_1_103' title='bbox 827 3264 1006 3325; x_wconf 88' lang='lat' dir='ltr'>meridione</span> <span class='ocrx_word' id='word_1_104' title='bbox 1038 3284 1136 3345; x_wconf 87' lang='lat' dir='ltr'>penes</span> <span class='ocrx_word' id='word_1_105' title='bbox 1169 3264 1301 3327; x_wconf 88' lang='lat' dir='ltr'>fluvium</span> <span class='ocrx_word' id='word_1_106' title='bbox 1327 3266 1483 3349; x_wconf 84' lang='lat' dir='ltr'>Zawycza</span> 
     </span>
     <span class='ocr_line' id='line_1_17' title="bbox 223 3370 1481 3450; baseline 0.005 -21"><span class='ocrx_word' id='word_1_107' title='bbox 223 3370 394 3449; x_wconf 74' lang='lat' dir='ltr'>vulgariter</span> <span class='ocrx_word' id='word_1_108' title='bbox 418 3370 626 3450; x_wconf 86' lang='lat' dir='ltr'>appellatum,</span> <span class='ocrx_word' id='word_1_109' title='bbox 651 3384 713 3430; x_wconf 89' lang='lat' dir='ltr'>tres</span> <span class='ocrx_word' id='word_1_110' title='bbox 738 3371 786 3430; x_wconf 88' lang='lat' dir='ltr'>vcl</span> <span class='ocrx_word' id='word_1_111' title='bbox 813 3372 889 3430; x_wconf 89' lang='lat' dir='ltr'>citra</span> <span class='ocrx_word' id='word_1_112' title='bbox 915 3385 948 3431; x_wconf 89' lang='lat' dir='ltr'>ut</span> <span class='ocrx_word' id='word_1_113' title='bbox 981 3370 1098 3432; x_wconf 88' lang='lat' dir='ltr'>dicitur</span> <span class='ocrx_word' id='word_1_114' title='bbox 1122 3371 1223 3433; x_wconf 88' lang='lat' dir='ltr'>dietas</span> <span class='ocrx_word' id='word_1_115' title='bbox 1247 3386 1347 3446; x_wconf 79' lang='lat' dir='ltr'>terre3</span> <span class='ocrx_word' id='word_1_116' title='bbox 1372 3391 1408 3434; x_wconf 85' lang='lat' dir='ltr'>ac</span> <span class='ocrx_word' id='word_1_117' title='bbox 1434 3373 1481 3435; x_wconf 90' lang='lat' dir='ltr'>in·</span> 
     </span>
     <span class='ocr_line' id='line_1_18' title="bbox 221 3474 1480 3560; baseline 0.005 -25"><span class='ocrx_word' id='word_1_118' title='bbox 221 3495 315 3557; x_wconf 90' lang='lat' dir='ltr'>super</span> <span class='ocrx_word' id='word_1_119' title='bbox 339 3475 422 3535; x_wconf 88' lang='lat' dir='ltr'>idem</span> <span class='ocrx_word' id='word_1_120' title='bbox 451 3475 567 3535; x_wconf 78' lang='lat' dir='ltr'>Paulus</span> <span class='ocrx_word' id='word_1_121' title='bbox 583 3474 721 3535; x_wconf 78' lang='lat' dir='ltr'>carnifex</span> <span class='ocrx_word' id='word_1_122' title='bbox 741 3476 911 3560; x_wconf 84' lang='lat' dir='ltr'>lagathycz</span> <span class='ocrx_word' id='word_1_123' title='bbox 936 3476 1038 3538; x_wconf 90' lang='lat' dir='ltr'>dictus</span> <span class='ocrx_word' id='word_1_124' title='bbox 1055 3478 1218 3559; x_wconf 87' lang='lat' dir='ltr'>quandam</span> <span class='ocrx_word' id='word_1_125' title='bbox 1243 3480 1338 3540; x_wconf 85' lang='lat' dir='ltr'>aliam</span> <span class='ocrx_word' id='word_1_126' title='bbox 1363 3492 1480 3541; x_wconf 86' lang='lat' dir='ltr'>terrem</span> 
     </span>
     <span class='ocr_line' id='line_1_19' title="bbox 221 3582 1481 3666; baseline 0.004 -22"><span class='ocrx_word' id='word_1_127' title='bbox 221 3602 310 3644; x_wconf 90' lang='lat' dir='ltr'>suam</span> <span class='ocrx_word' id='word_1_128' title='bbox 336 3582 489 3643; x_wconf 85' lang='lat' dir='ltr'>arabilem</span> <span class='ocrx_word' id='word_1_129' title='bbox 515 3602 612 3663; x_wconf 79' lang='lat' dir='ltr'>pernes</span> <span class='ocrx_word' id='word_1_130' title='bbox 628 3596 727 3643; x_wconf 88' lang='lat' dir='ltr'>terras</span> <span class='ocrx_word' id='word_1_131' title='bbox 752 3583 877 3663; x_wconf 81' lang='lat' dir='ltr'>providi</span> <span class='ocrx_word' id='word_1_132' title='bbox 898 3584 1020 3661; x_wconf 69' lang='lat' dir='ltr'>elisacii,</span> <span class='ocrx_word' id='word_1_133' title='bbox 1045 3586 1322 3666; x_wconf 89' lang='lat' dir='ltr'>aseptemtrione,</span> <span class='ocrx_word' id='word_1_134' title='bbox 1347 3598 1378 3647; x_wconf 90' lang='lat' dir='ltr'>et</span> <span class='ocrx_word' id='word_1_135' title='bbox 1393 3585 1481 3649; x_wconf 89' lang='lat' dir='ltr'>simi·</span> 
     </span>
     <span class='ocr_line' id='line_1_20' title="bbox 223 3688 1482 3773; baseline 0.004 -23"><span class='ocrx_word' id='word_1_136' title='bbox 223 3691 293 3750; x_wconf 91' lang='lat' dir='ltr'>liter</span> <span class='ocrx_word' id='word_1_137' title='bbox 318 3690 375 3749; x_wconf 90' lang='lat' dir='ltr'>viri</span> <span class='ocrx_word' id='word_1_138' title='bbox 410 3689 533 3770; x_wconf 78' lang='lat' dir='ltr'>providi</span> <span class='ocrx_word' id='word_1_139' title='bbox 570 3689 657 3749; x_wconf 78' lang='lat' dir='ltr'>l‘auli</span> <span class='ocrx_word' id='word_1_140' title='bbox 690 3688 822 3769; x_wconf 87' lang='lat' dir='ltr'>predicti</span> <span class='ocrx_word' id='word_1_141' title='bbox 860 3688 1027 3767; x_wconf 84' lang='lat' dir='ltr'>carnificis,</span> <span class='ocrx_word' id='word_1_142' title='bbox 1065 3712 1081 3752; x_wconf 92' lang='lat' dir='ltr'>a</span> <span class='ocrx_word' id='word_1_143' title='bbox 1114 3707 1202 3773; x_wconf 88' lang='lat' dir='ltr'>parte</span> <span class='ocrx_word' id='word_1_144' title='bbox 1234 3694 1274 3755; x_wconf 87' lang='lat' dir='ltr'>ab</span> <span class='ocrx_word' id='word_1_145' title='bbox 1298 3691 1421 3755; x_wconf 85' lang='lat' dir='ltr'>oriente</span> <span class='ocrx_word' id='word_1_146' title='bbox 1445 3712 1482 3755; x_wconf 85' lang='lat' dir='ltr'>ac</span> 
     </span>
     <span class='ocr_line' id='line_1_21' title="bbox 223 3795 1481 3878; baseline 0.005 -23"><span class='ocrx_word' id='word_1_147' title='bbox 223 3796 303 3855; x_wconf 88' lang='lat' dir='ltr'>inter</span> <span class='ocrx_word' id='word_1_148' title='bbox 328 3795 460 3855; x_wconf 87' lang='lat' dir='ltr'>lluvium</span> <span class='ocrx_word' id='word_1_149' title='bbox 486 3795 638 3878; x_wconf 80' lang='lat' dir='ltr'>Zuvvyeza</span> <span class='ocrx_word' id='word_1_150' title='bbox 664 3810 824 3872; x_wconf 90' lang='lat' dir='ltr'>vocatum,</span> <span class='ocrx_word' id='word_1_151' title='bbox 849 3816 866 3856; x_wconf 93' lang='lat' dir='ltr'>a</span> <span class='ocrx_word' id='word_1_152' title='bbox 895 3796 1084 3875; x_wconf 90' lang='lat' dir='ltr'>meridione,</span> <span class='ocrx_word' id='word_1_153' title='bbox 1117 3813 1147 3859; x_wconf 90' lang='lat' dir='ltr'>et</span> <span class='ocrx_word' id='word_1_154' title='bbox 1171 3818 1261 3861; x_wconf 85' lang='lat' dir='ltr'>scens</span> <span class='ocrx_word' id='word_1_155' title='bbox 1286 3798 1369 3861; x_wconf 89' lang='lat' dir='ltr'>viam</span> <span class='ocrx_word' id='word_1_156' title='bbox 1394 3818 1481 3861; x_wconf 89' lang='lat' dir='ltr'>com·</span> 
     </span>
     <span class='ocr_line' id='line_1_22' title="bbox 222 3902 1483 3983; baseline 0.003 -20"><span class='ocrx_word' id='word_1_157' title='bbox 222 3922 352 3963; x_wconf 89' lang='lat' dir='ltr'>munem</span> <span class='ocrx_word' id='word_1_158' title='bbox 379 3904 418 3963; x_wconf 88' lang='lat' dir='ltr'>ab</span> <span class='ocrx_word' id='word_1_159' title='bbox 447 3902 613 3963; x_wconf 83' lang='lat' dir='ltr'>occidente</span> <span class='ocrx_word' id='word_1_160' title='bbox 646 3902 786 3962; x_wconf 89' lang='lat' dir='ltr'>habitam</span> <span class='ocrx_word' id='word_1_161' title='bbox 820 3916 850 3961; x_wconf 90' lang='lat' dir='ltr'>et</span> <span class='ocrx_word' id='word_1_162' title='bbox 882 3904 1081 3983; x_wconf 83' lang='lat' dir='ltr'>existentem,</span> <span class='ocrx_word' id='word_1_163' title='bbox 1112 3920 1175 3967; x_wconf 89' lang='lat' dir='ltr'>tres</span> <span class='ocrx_word' id='word_1_164' title='bbox 1198 3907 1248 3967; x_wconf 86' lang='lat' dir='ltr'>vel</span> <span class='ocrx_word' id='word_1_165' title='bbox 1280 3906 1357 3968; x_wconf 86' lang='lat' dir='ltr'>citra</span> <span class='ocrx_word' id='word_1_166' title='bbox 1381 3905 1483 3969; x_wconf 84' lang='lat' dir='ltr'>dietas</span> 
     </span>
     <span class='ocr_line' id='line_1_23' title="bbox 221 4007 1482 4094; baseline 0.005 -25"><span class='ocrx_word' id='word_1_167' title='bbox 221 4024 313 4083; x_wconf 88' lang='lat' dir='ltr'>terre,</span> <span class='ocrx_word' id='word_1_168' title='bbox 339 4029 417 4088; x_wconf 86' lang='lat' dir='ltr'>quas</span> <span class='ocrx_word' id='word_1_169' title='bbox 442 4009 585 4069; x_wconf 86' lang='lat' dir='ltr'>vendidit</span> <span class='ocrx_word' id='word_1_170' title='bbox 612 4008 783 4069; x_wconf 89' lang='lat' dir='ltr'>Valentino</span> <span class='ocrx_word' id='word_1_171' title='bbox 810 4007 961 4070; x_wconf 89' lang='lat' dir='ltr'>frenatori</span> <span class='ocrx_word' id='word_1_172' title='bbox 987 4010 1144 4071; x_wconf 90' lang='lat' dir='ltr'>moderno</span> <span class='ocrx_word' id='word_1_173' title='bbox 1168 4010 1271 4087; x_wconf 85' lang='lat' dir='ltr'>jurato</span> <span class='ocrx_word' id='word_1_174' title='bbox 1296 4025 1406 4074; x_wconf 83' lang='lat' dir='ltr'>nostro</span> <span class='ocrx_word' id='word_1_175' title='bbox 1423 4031 1482 4094; x_wconf 86' lang='lat' dir='ltr'>pto</span> 
     </span>
     <span class='ocr_line' id='line_1_24' title="bbox 223 4114 1482 4197; baseline 0.005 -24"><span class='ocrx_word' id='word_1_176' title='bbox 223 4129 360 4193; x_wconf 88' lang='lat' dir='ltr'>quatuor</span> <span class='ocrx_word' id='word_1_177' title='bbox 385 4114 452 4175; x_wconf 91' lang='lat' dir='ltr'>llor.</span> <span class='ocrx_word' id='word_1_178' title='bbox 478 4116 564 4189; x_wconf 89' lang='lat' dir='ltr'>auri;</span> <span class='ocrx_word' id='word_1_179' title='bbox 590 4115 639 4176; x_wconf 89' lang='lat' dir='ltr'>cui</span> <span class='ocrx_word' id='word_1_180' title='bbox 665 4114 737 4175; x_wconf 91' lang='lat' dir='ltr'>data</span> <span class='ocrx_word' id='word_1_181' title='bbox 763 4130 808 4175; x_wconf 90' lang='lat' dir='ltr'>est</span> <span class='ocrx_word' id='word_1_182' title='bbox 834 4115 924 4177; x_wconf 87' lang='lat' dir='ltr'>litera</span> <span class='ocrx_word' id='word_1_183' title='bbox 957 4116 1167 4197; x_wconf 82' lang='lat' dir='ltr'>privilegialis</span> <span class='ocrx_word' id='word_1_184' title='bbox 1190 4133 1286 4196; x_wconf 86' lang='lat' dir='ltr'>super</span> <span class='ocrx_word' id='word_1_185' title='bbox 1310 4120 1482 4197; x_wconf 82' lang='lat' dir='ltr'>premissis,</span> 
     </span>
     <span class='ocr_line' id='line_1_25' title="bbox 223 4220 614 4301; baseline 0.003 -22"><span class='ocrx_word' id='word_1_186' title='bbox 223 4234 377 4299; x_wconf 86' lang='lat' dir='ltr'>perpetuo</span> <span class='ocrx_word' id='word_1_187' title='bbox 402 4220 614 4301; x_wconf 89' lang='lat' dir='ltr'>possidendis.</span> 
     </span>
    </p>

    <p class='ocr_par' dir='ltr' id='par_1_7' title="bbox 221 4324 1483 4831">
     <span class='ocr_line' id='line_1_26' title="bbox 330 4324 1481 4409; baseline 0.008 -24"><span class='ocrx_word' id='word_1_188' title='bbox 330 4324 405 4385; x_wconf 92' lang='lat' dir='ltr'>item</span> <span class='ocrx_word' id='word_1_189' title='bbox 431 4326 518 4407; x_wconf 89' lang='lat' dir='ltr'>quod</span> <span class='ocrx_word' id='word_1_190' title='bbox 544 4326 619 4406; x_wconf 91' lang='lat' dir='ltr'>quia</span> <span class='ocrx_word' id='word_1_191' title='bbox 651 4328 833 4408; x_wconf 88' lang='lat' dir='ltr'>propinavit</span> <span class='ocrx_word' id='word_1_192' title='bbox 864 4328 998 4409; x_wconf 85' lang='lat' dir='ltr'>provida</span> <span class='ocrx_word' id='word_1_193' title='bbox 1030 4339 1061 4388; x_wconf 86' lang='lat' dir='ltr'>et</span> <span class='ocrx_word' id='word_1_194' title='bbox 1091 4324 1225 4387; x_wconf 90' lang='lat' dir='ltr'>honesta</span> <span class='ocrx_word' id='word_1_195' title='bbox 1249 4326 1381 4391; x_wconf 89' lang='lat' dir='ltr'>domina</span> <span class='ocrx_word' id='word_1_196' title='bbox 1408 4332 1481 4393; x_wconf 90' lang='lat' dir='ltr'>Bar·</span> 
     </span>
     <span class='ocr_line' id='line_1_27' title="bbox 223 4428 1483 4508; baseline 0.007 -17"><span class='ocrx_word' id='word_1_197' title='bbox 223 4432 296 4491; x_wconf 89' lang='lat' dir='ltr'>bara</span> <span class='ocrx_word' id='word_1_198' title='bbox 322 4446 444 4508; x_wconf 88' lang='lat' dir='ltr'>vocata,</span> <span class='ocrx_word' id='word_1_199' title='bbox 468 4451 599 4493; x_wconf 91' lang='lat' dir='ltr'>consors</span> <span class='ocrx_word' id='word_1_200' title='bbox 615 4432 752 4494; x_wconf 88' lang='lat' dir='ltr'>condam</span> <span class='ocrx_word' id='word_1_201' title='bbox 773 4433 936 4495; x_wconf 85' lang='lat' dir='ltr'>Benedicti</span> <span class='ocrx_word' id='word_1_202' title='bbox 960 4428 1114 4493; x_wconf 81' lang='lat' dir='ltr'>aurifabri</span> <span class='ocrx_word' id='word_1_203' title='bbox 1131 4446 1162 4493; x_wconf 87' lang='lat' dir='ltr'>et</span> <span class='ocrx_word' id='word_1_204' title='bbox 1178 4432 1327 4494; x_wconf 87' lang='lat' dir='ltr'>similiter</span> <span class='ocrx_word' id='word_1_205' title='bbox 1350 4455 1483 4499; x_wconf 88' lang='lat' dir='ltr'>consors</span> 
     </span>
     <span class='ocr_line' id='line_1_28' title="bbox 223 4535 1482 4625; baseline 0.006 -28"><span class='ocrx_word' id='word_1_206' title='bbox 223 4535 360 4597; x_wconf 90' lang='lat' dir='ltr'>condam</span> <span class='ocrx_word' id='word_1_207' title='bbox 393 4536 520 4599; x_wconf 87' lang='lat' dir='ltr'>Thome</span> <span class='ocrx_word' id='word_1_208' title='bbox 554 4537 732 4617; x_wconf 89' lang='lat' dir='ltr'>frenatoris,</span> <span class='ocrx_word' id='word_1_209' title='bbox 764 4539 804 4602; x_wconf 85' lang='lat' dir='ltr'>de</span> <span class='ocrx_word' id='word_1_210' title='bbox 835 4538 992 4601; x_wconf 80' lang='lat' dir='ltr'>universis</span> <span class='ocrx_word' id='word_1_211' title='bbox 1022 4537 1089 4599; x_wconf 81' lang='lat' dir='ltr'>auis</span> <span class='ocrx_word' id='word_1_212' title='bbox 1119 4538 1375 4622; x_wconf 83' lang='lat' dir='ltr'>possessionibus</span> <span class='ocrx_word' id='word_1_213' title='bbox 1406 4556 1482 4625; x_wconf 86' lang='lat' dir='ltr'>puta</span> 
     </span>
     <span class='ocr_line' id='line_1_29' title="bbox 223 4641 1483 4725; baseline 0.007 -23"><span class='ocrx_word' id='word_1_214' title='bbox 223 4641 393 4703; x_wconf 85' lang='lat' dir='ltr'>domorum</span> <span class='ocrx_word' id='word_1_215' title='bbox 419 4662 455 4705; x_wconf 87' lang='lat' dir='ltr'>ac</span> <span class='ocrx_word' id='word_1_216' title='bbox 480 4644 587 4705; x_wconf 88' lang='lat' dir='ltr'>celarii</span> <span class='ocrx_word' id='word_1_217' title='bbox 612 4659 824 4723; x_wconf 86' lang='lat' dir='ltr'>moratorum,</span> <span class='ocrx_word' id='word_1_218' title='bbox 847 4661 973 4709; x_wconf 85' lang='lat' dir='ltr'>necnon</span> <span class='ocrx_word' id='word_1_219' title='bbox 1000 4642 1179 4723; x_wconf 85' lang='lat' dir='ltr'>vinearum,</span> <span class='ocrx_word' id='word_1_220' title='bbox 1201 4642 1392 4725; x_wconf 74' lang='lat' dir='ltr'>(hlortorum</span> <span class='ocrx_word' id='word_1_221' title='bbox 1409 4668 1483 4711; x_wconf 90' lang='lat' dir='ltr'>cum</span> 
     </span>
     <span class='ocr_line' id='line_1_30' title="bbox 221 4748 1483 4831; baseline 0.005 -20"><span class='ocrx_word' id='word_1_222' title='bbox 221 4748 373 4831; x_wconf 85' lang='lat' dir='ltr'>(h)orreo,</span> <span class='ocrx_word' id='word_1_223' title='bbox 397 4750 562 4829; x_wconf 83' lang='lat' dir='ltr'>silvarum,</span> <span class='ocrx_word' id='word_1_224' title='bbox 596 4764 752 4815; x_wconf 84' lang='lat' dir='ltr'>terrarum</span> <span class='ocrx_word' id='word_1_225' title='bbox 776 4750 934 4815; x_wconf 82' lang='lat' dir='ltr'>cultarum</span> <span class='ocrx_word' id='word_1_226' title='bbox 961 4760 993 4811; x_wconf 82' lang='lat' dir='ltr'>et</span> <span class='ocrx_word' id='word_1_227' title='bbox 1027 4748 1220 4815; x_wconf 81' lang='lat' dir='ltr'>incultarum</span> <span class='ocrx_word' id='word_1_228' title='bbox 1254 4748 1403 4815; x_wconf 85' lang='lat' dir='ltr'>videlicet</span> <span class='ocrx_word' id='word_1_229' title='bbox 1435 4753 1483 4818; x_wconf 91' lang='lat' dir='ltr'>di·</span> 
     </span>
    </p>
   </div>
   <div class='ocr_carea' id='block_1_7' title="bbox 0 0 1723 5256">
    <p class='ocr_par' dir='ltr' id='par_1_8' title="bbox 0 0 1723 5256">
     <span class='ocr_line' id='line_1_31' title="bbox 0 0 1723 5256; baseline 0 0"><span class='ocrx_word' id='word_1_230' title='bbox 0 0 1723 5256; x_wconf 95' lang='lat' dir='ltr'> </span> 
     </span>
    </p>
   </div>
  </div>
 </body>
</html>
