3428 5256
751 358 837 416 Anno
859 352 953 435 1480.
1444 375 1484 435 45

220 569 439 651 procedendo,
464 567 577 648 viginti
602 581 675 629 octo
705 567 832 630 brachia
858 565 960 629 ferrea
986 568 1017 628 in
1037 567 1240 649 longitudine
1265 566 1485 629 mensurando

223 677 255 738 in
280 696 312 737 se
339 675 487 755 habente,
513 675 544 735 in
581 673 750 735 latitudine
786 694 862 735 vero
898 694 915 734 a
947 675 996 735 via
1033 694 1090 736 seu
1123 674 1228 756 platea
1258 674 1422 735 communi
1447 676 1487 735 ab

222 782 345 844 oriente
370 782 428 843 sita
454 801 555 863 usque
581 779 716 842 fundum
741 780 888 842 similiter
905 780 1004 863 ipsius
1023 780 1184 842 Dominici
1203 780 1317 841 literati
1344 781 1384 841 ab
1401 780 1485 842 occi·

222 889 318 951 dente
343 888 489 950 habitum
514 888 712 966 tendentem,
736 888 847 949 decem
873 888 1001 949 brachia
1030 885 1131 948 ferrea
1156 887 1372 948 mensurando
1397 887 1427 946 in
1453 906 1485 946 se

222 995 453 1071 continentem,
479 994 562 1055 inter
586 993 683 1054 aliam
707 994 883 1055 stacionem
917 1007 1073 1054 muratam
1099 992 1231 1054 rectoris
1254 991 1362 1053 altaris
1386 992 1485 1053 sancti

223 1101 349 1164 Nicolai
374 1101 515 1183 episcopi
549 1115 580 1161 et
612 1099 804 1161 confessoris
836 1100 867 1161 in
901 1099 1034 1160 ecclesia
1067 1113 1174 1162 nostra
1206 1098 1380 1180 parochiali
1413 1118 1487 1159 con·

223 1208 346 1283 structi,
371 1210 411 1268 ab
436 1207 602 1269 occidente
627 1206 768 1267 habitam
802 1220 833 1266 et
868 1206 1070 1284 existentem,
1102 1205 1204 1287 ipsum
1230 1205 1400 1266 Nicolaum
1426 1225 1487 1265 sar·

223 1328 325 1375 torem
350 1334 368 1374 a
392 1313 527 1394 provida
560 1327 591 1374 et
623 1312 756 1374 honesta
791 1312 928 1373 condam
964 1312 1164 1393 Margaretha
1200 1331 1298 1373 uxore
1332 1332 1387 1372 sua
1421 1311 1488 1391 jure

223 1420 438 1502 propinaticio
463 1434 494 1480 et
518 1418 684 1481 donaticio
714 1418 887 1480 literatorie
921 1418 1078 1500 legittime
1109 1431 1368 1496 conternantem,
1392 1419 1488 1479 simul

223 1545 295 1588 cum
321 1526 474 1587 omnibus
498 1526 690 1586 utilitatibus
724 1522 844 1606 prefate
877 1524 1014 1603 domus,
1046 1524 1221 1586 fundorum
1255 1539 1286 1586 et
1309 1525 1488 1587 stacionum

224 1647 420 1693 muratarum
445 1630 550 1692 eidem
579 1630 686 1691 Blasio
712 1629 872 1692 Alemano
898 1631 1067 1711 legavisset
1091 1645 1122 1692 et
1145 1631 1409 1693 testamentaliter
1441 1630 1490 1691 di·

224 1738 381 1812 misisset;
405 1737 479 1798 ideo
503 1752 578 1798 sunt
595 1737 655 1797 sibi
675 1736 765 1797 litere
784 1736 1001 1818 privilegiales
1026 1751 1056 1797 et
1073 1738 1240 1798 statutorie
1264 1756 1360 1817 super
1377 1737 1489 1798 eadem

224 1842 323 1903 domo
348 1843 524 1905 extradate.
