3428 5256
800 316 953 382 Rationes.
1446 347 1508 409 3¹7

347 531 423 594 Item
449 531 584 596 fecimus
607 531 676 596 fieri
700 547 802 598 certas
825 550 929 617 septes
947 536 986 598 de
1015 536 1163 619 virgultis
1187 539 1268 600 circa
1294 559 1422 602 murum
1448 563 1501 604 ne·

240 639 401 718 cessarias,
431 660 488 723 per
512 641 634 703 incolas
658 641 697 703 de
721 642 794 704 vico
818 642 1019 722 LaIInorum,
1038 664 1096 725 pro
1120 645 1238 726 quibus
1262 645 1355 709 datus
1379 662 1426 710 est
1444 698 1450 710 .
1470 697 1503 712 ..

240 743 309 808 flor.
333 744 355 808 Ι.
381 745 454 810 den.
477 744 545 810 XV.

343 851 421 914 Item
447 853 480 915 ia
513 852 594 917 festo
626 855 726 916 sancti
759 855 913 938 Stephani
947 857 1031 938 regis
1062 856 1239 919 Benedicto
1272 856 1364 921 fabro
1388 860 1504 923 iterum

238 976 296 1039 pro
321 956 556 1023 reformaciooe
592 975 752 1024 certorum
789 962 1076 1025 instrumentorum
1118 963 1149 1024 iu
1188 962 1326 1026 fractura
1361 966 1505 1047 lapidum

238 1063 484 1145 destructorum,
509 1066 656 1132 dedi...
680 1067 748 1132 flor.
776 1069 825 1151 Ἀ.

343 1171 420 1233 Item
447 1187 563 1235 cotunc
586 1173 661 1236 dedi
696 1193 754 1256 pro
790 1174 918 1236 duobus
953 1175 1067 1254 doleis,
1103 1195 1166 1257 que
1203 1177 1299 1238 debui
1336 1180 1503 1241 restituere

237 1277 348 1340 curiali
374 1277 517 1360 Georgio
542 1280 708 1358 Horwath,
725 1280 799 1342 Ioco
824 1280 955 1343 illorum
981 1282 1013 1343 iu
1031 1283 1149 1364 quibus
1172 1302 1256 1364 aqua
1280 1300 1424 1346 servatur
1441 1305 1500 1368 pro

237 1385 448 1466 temperando
474 1400 695 1450 cemento...
721 1388 793 1450 den.
826 1386 965 1452 LXXVI.

342 1490 419 1552 Item
445 1511 484 1553 eo
508 1505 653 1574 tempore
679 1491 808 1556 fuerunt
832 1495 982 1575 apreciati
1013 1494 1136 1576 pedites
1160 1496 1395 1577 quinquaginta
1421 1517 1500 1579 qua·

235 1612 309 1660 tuor
333 1619 392 1682 pro
425 1601 569 1663 custodia
602 1601 736 1664 ecclesie
768 1604 811 1664 ob
837 1616 958 1664 metum
992 1603 1190 1680 Turlrorum‚
1223 1604 1341 1686 quibus
1364 1625 1422 1687 pro
1449 1607 1503 1669 sti·

235 1706 355 1787 pendio
379 1706 419 1767 ad
445 1726 587 1769 mensem
614 1709 756 1770 medium
783 1709 846 1770 dati
869 1724 942 1771 sunt
960 1759 966 1771 .
984 1758 1015 1773 ..
1040 1709 1108 1773 flor.
1133 1708 1213 1773 XXI.

342 1812 419 1874 Item
446 1813 477 1874 in
503 1812 585 1875 festo
611 1814 848 1876 Decollacionis
871 1817 972 1877 sancti
1008 1814 1164 1877 Iohannis
1189 1817 1331 1898 Baptiste
1357 1837 1414 1900 pro
1440 1818 1497 1879 du·

235 1919 318 1979 obus
342 1919 492 1999 plaustris
524 1919 685 2003 lignorum
720 1922 833 1983 subtus
863 1936 968 2004 septes
1000 1923 1205 1999 necessarios,
1240 1924 1304 1985 dati
1330 1941 1404 1986 sunt
1427 1975 1434 1989 .
1460 1973 1468 1990 .
1494 1977 1500 1989 .

236 2026 309 2089 den.
341 2023 405 2089 XII.

339 2130 418 2194 Item
445 2131 559 2193 eodem
593 2131 644 2192 die
671 2133 799 2194 Andrea
832 2132 923 2194 fabro
960 2153 1018 2214 pro
1050 2136 1187 2196 acuitate
1212 2151 1242 2196 et
1267 2135 1501 2198 reformatione

236 2235 503 2299 ferramentorum
530 2254 560 2298 et
585 2237 791 2320 ingeniorum
816 2258 887 2300 cum
907 2241 1025 2321 quibus
1042 2241 1178 2322 lapicide
1204 2242 1252 2302 usi
1277 2256 1351 2302 sunt
1375 2245 1496 2324 aprlu-

234 2344 320 2426 cipio
346 2345 465 2409 laboris
490 2345 607 2427 Incepti
632 2364 735 2426 usque
760 2359 846 2425 tunc,
879 2348 1031 2409 omnibus
1056 2349 1259 2428 computatis,
1285 2349 1349 2409 dati
1374 2365 1500 2413 sunt...

235 2452 307 2515 den.

340 2555 418 2619 Item
444 2557 559 2618 eodem
586 2557 666 2619 festo
693 2557 932 2620 Decollacionis
949 2560 1048 2620 sancti
1067 2560 1223 2623 Iohannis
1249 2562 1400 2644 Baptiste‚
1419 2562 1500 2623 duo-

233 2664 337 2726 decitn
371 2664 558 2725 homiuibus
595 2663 816 2745 frangentibus
849 2665 972 2747 lapides
1008 2686 1063 2747 per
1099 2668 1167 2728 dies
1204 2668 1396 2744 duodecim,
1433 2669 1498 2730 dati

232 2787 376 2834 sunt...
397 2770 466 2835 flor.
491 2768 555 2834 XII.
1342 2851 1348 2862 ·

337 2875 414 2939 Item
440 2877 606 2939 domInico
631 2878 683 2938 die
701 2892 773 2959 post
796 2877 912 2941 festum
932 2881 1015 2942 beati
1036 2879 1182 2962 Dyonisii
1202 2881 1350 2957 martiris,
1375 2881 1496 2942 eisdem

228 2984 416 3046 homiuibus
442 2984 558 3045 iterum
586 2985 625 3045 ad
651 2984 719 3045 dies
743 2984 914 3047 duodecim
940 2987 1005 3047 dati
1038 3002 1112 3047 sunt
1129 3035 1135 3049 .
1154 3036 1184 3048 ..
1209 2985 1280 3048 flor.
1305 2984 1367 3051 Xll.

333 3088 410 3152 Item
436 3090 468 3150 in
494 3087 575 3151 festo
601 3088 698 3167 Galil,
724 3091 837 3170 vIginti
871 3093 1079 3173 carpentariis
1104 3092 1143 3153 de
1168 3091 1349 3168 Cralowcz‚
1375 3093 1406 3152 in
1432 3093 1491 3153 clr-

229 3199 317 3259 cuitu
344 3196 476 3258 ecclesie
501 3217 596 3279 super
619 3217 710 3279 sepes
735 3196 843 3259 fossati
870 3199 1101 3275 laborantibus,
1127 3220 1163 3258 ex
1189 3199 1416 3260 commissione
1435 3200 1492 3260 do·

229 3304 392 3365 minorum
419 3304 483 3365 dati
503 3351 509 3366 .
529 3352 561 3365 ..
585 3304 659 3367 den.
685 3300 752 3365 XL.

332 3408 409 3472 Item
436 3411 467 3471 In
493 3409 635 3491 profesto
661 3409 789 3470 Martini
815 3410 956 3491 episcopi
980 3426 1053 3472 octo
1079 3412 1288 3492 carpentariis
1313 3431 1409 3492 super
1425 3431 1493 3472 sco·

227 3517 290 3578 lam
317 3517 538 3577 laborantibus
563 3516 626 3578 dati
653 3530 746 3578 sunt.
765 3564 796 3579 ..
821 3516 893 3578 den.
918 3514 998 3578 XVl.

332 3620 409 3684 Item
436 3624 467 3684 in
494 3623 574 3684 festo
592 3623 691 3684 sancti
718 3623 846 3683 Martini
865 3641 923 3703 pro
941 3623 1069 3684 duobus
1098 3625 1242 3684 curribus
1268 3625 1307 3685 de
1332 3625 1492 3685 asseribus

226 3730 265 3791 ad
291 3730 427 3791 eandem
452 3730 572 3791 scolam
598 3729 785 3790 necessariis
813 3728 878 3790 dati
897 3777 905 3792 .
924 3778 955 3791 ..
981 3729 1054 3792 den.
1082 3728 1237 3793 LXXXX.

331 3834 408 3898 Item
441 3837 575 3897 sabbato
608 3852 680 3918 post
713 3834 829 3896 festum
865 3836 1012 3912 Martini,
1047 3836 1169 3897 Bricho
1202 3837 1402 3917 carpentario
1435 3855 1493 3917 pro

226 3941 374 4002 mercede
400 3941 463 4002 dati
490 3955 562 4002 sunt
579 3990 586 4004 .
603 3989 638 4005 ..
667 3942 739 4005 den.
765 3941 817 4006 VI.

332 4046 409 4109 Item
443 4047 521 4108 feria
553 4048 693 4109 secunda
730 4049 877 4129 sequenti
912 4048 1025 4110 iterum
1064 4067 1121 4129 pro
1154 4049 1313 4110 asseribus
1337 4050 1490 4111 videlicet

226 4174 336 4215 currus
360 4168 499 4235 quatuor
524 4154 588 4215 dati
614 4170 687 4215 sunt
704 4203 711 4218 .
730 4202 760 4218 ..
788 4154 858 4218 flor.
884 4154 905 4218 l.
929 4155 1000 4219 den.
1027 4151 1152 4216 LXXX.

331 4260 408 4321 Item
436 4260 514 4322 feria
548 4261 661 4342 quInta
686 4261 717 4322 in
751 4258 893 4343 profesto
927 4260 1104 4343 Elyzabeth
1129 4260 1243 4320 iterum
1276 4261 1401 4322 Briccio
1426 4281 1490 4321 car·

225 4368 370 4448 pentario
395 4367 434 4427 ad
460 4384 563 4429 certos
587 4367 656 4429 dies
680 4387 739 4450 pro
764 4367 910 4429 mercede
946 4367 1011 4428 dati
1036 4381 1111 4428 sunt
1127 4414 1134 4429 .
1151 4413 1182 4430 ..
1206 4365 1279 4429 den.
1304 4367 1343 4429 X.

330 4474 407 4535 Item
431 4475 565 4536 sabbato
589 4473 737 4555 sequenti
763 4473 877 4535 iterum
897 4493 955 4556 pro
979 4474 1138 4535 asseribus
1162 4472 1225 4534 dati
1252 4486 1326 4534 sunt
1344 4521 1351 4535 .
1369 4522 1376 4535 .
1395 4520 1402 4536 .
1421 4474 1489 4536 flor.

223 4577 257 4643 Il.
282 4580 356 4645 den.
383 4580 419 4644 V.

329 4686 406 4749 Item
432 4686 599 4748 domiuico
623 4687 770 4768 sequenti
797 4688 912 4749 iterum
938 4686 1063 4749 Briccio
1098 4687 1299 4768 carpentario
1324 4702 1382 4764 pro
1408 4702 1489 4744 mer-

222 4794 301 4857 cede
324 4793 391 4856 dati
415 4807 490 4856 suut
507 4840 516 4858 .
533 4839 569 4858 ..
599 4792 674 4858 den.
697 4793 749 4858 Vl.
