3428 5256
225 301 265 381 56
756 301 844 359 Anno
867 295 961 377 1487.

222 515 306 598 gulis
329 516 421 578 annis
444 517 568 599 possint
591 515 709 577 dictam
734 514 847 577 turrim
871 534 928 576 seu
956 513 1113 576 celarium
1145 513 1178 575 in
1202 512 1315 576 eadem
1341 514 1491 579 habitum

223 623 324 684 semel
348 622 501 685 videlicet
524 636 649 685 tantum
676 622 707 683 in
725 621 873 703 quolibet
890 641 975 682 anno
994 640 1068 682 curn
1085 621 1162 681 vino
1180 621 1314 702 replere,
1327 641 1363 683 ac
1381 622 1494 684 huius·

224 729 311 791 modi
329 729 441 790 vinum
459 730 612 790 internos
628 742 659 789 et
672 728 772 789 eciam
787 728 943 789 extraneis
961 740 1056 809 prout
1080 727 1197 808 aliquis
1221 727 1403 789 concivium
1430 748 1490 790 no·

223 849 361 897 strorum
387 835 488 897 libere
512 836 695 917 propinare,
719 833 859 896 vendere
892 854 928 895 ac
952 833 1136 895 vendicioni
1171 833 1398 914 exponendum
1424 836 1492 917 ple·

224 961 297 1003 nam
321 942 476 1003 haberent
507 940 690 1003 facultatem
723 956 819 1021 atque
854 941 1033 1016 vendendi3
1060 939 1119 1002 hoc
1152 941 1254 1002 eciam
1279 959 1344 1002 non
1369 955 1490 1024 preter·

224 1048 334 1126 misso,
352 1047 440 1129 quod
459 1047 534 1109 dicti
555 1046 665 1110 fratres
679 1047 844 1108 Heremite
861 1066 917 1108 seu
932 1047 1105 1108 claustrum
1123 1046 1258 1128 singulis
1281 1047 1374 1110 annis
1390 1048 1493 1110 tercio

223 1153 275 1215 die
301 1153 372 1215 festi
405 1154 489 1215 beati
523 1153 653 1215 Martini
685 1153 827 1235 episcopi
862 1172 963 1214 unum
997 1153 1066 1216 flor.
1100 1154 1169 1214 auri
1202 1172 1260 1236 pro
1292 1152 1492 1235 prefatorum

223 1260 389 1343 presertim
415 1260 565 1321 vinorum
600 1260 792 1320 vendicione
825 1260 923 1321 nostri
957 1260 1128 1321 comitatus
1159 1260 1309 1321 manibus
1341 1260 1493 1322 videlicet

223 1366 338 1448 judicis
363 1366 463 1427 nostri
488 1385 547 1448 pro
571 1379 718 1447 tempore
743 1367 907 1427 constituti
928 1366 1003 1426 dare
1029 1379 1059 1428 et
1084 1367 1244 1448 assignare
1269 1386 1305 1428 ac
1329 1367 1389 1428 sibi
1415 1367 1492 1449 ipsis

223 1475 262 1535 ab
288 1472 403 1534 eodem
430 1471 534 1553 judice
559 1472 694 1555 provide
711 1472 929 1554 expeditorias
946 1492 1116 1554 procurare
1139 1475 1334 1535 tenebuntur
1351 1487 1382 1535 et
1398 1487 1492 1535 erunt

223 1579 368 1660 obligati.
394 1578 526 1640 Eisdem
551 1579 659 1660 sigillo
689 1593 798 1641 nostro
831 1580 996 1640 communi
1028 1578 1182 1661 pendenti
1208 1580 1315 1641 literas
1339 1579 1490 1642 duximus

225 1684 374 1766 (dandas)
399 1698 431 1746 et
455 1685 615 1747 dedimus.

260 1822 383 1889 (Confer.
409 1823 469 1877 Vol.
488 1823 531 1878 11.
552 1824 618 1878 Dos.
637 1826 698 1878 342.
