<?xml version="1.0" encoding="UTF-8"?>
<!DOCTYPE html PUBLIC "-//W3C//DTD XHTML 1.0 Transitional//EN"
    "http://www.w3.org/TR/xhtml1/DTD/xhtml1-transitional.dtd">
<html xmlns="http://www.w3.org/1999/xhtml" xml:lang="en" lang="en">
 <head>
  <title>
</title>
<meta http-equiv="Content-Type" content="text/html;charset=utf-8" />
  <meta name='ocr-system' content='tesseract 3.04.00' />
  <meta name='ocr-capabilities' content='ocr_page ocr_carea ocr_par ocr_line ocrx_word'/>
</head>
<body>
  <div class='ocr_page' id='page_1' title='image "./monumentahistor02laszgoog_0322.png"; bbox 0 0 3428 5256; ppageno 0'>
   <div class='ocr_carea' id='block_1_1' title="bbox 222 522 1495 4751">
    <p class='ocr_par' dir='ltr' id='par_1_1' title="bbox 229 522 1493 710">
     <span class='ocr_line' id='line_1_1' title="bbox 336 522 1493 604; baseline 0.003 -20"><span class='ocrx_word' id='word_1_1' title='bbox 336 523 412 584; x_wconf 84' lang='lat' dir='ltr'>Item</span> <span class='ocrx_word' id='word_1_2' title='bbox 439 525 502 586; x_wconf 90' lang='lat' dir='ltr'>emi</span> <span class='ocrx_word' id='word_1_3' title='bbox 526 523 624 586; x_wconf 90' lang='lat' dir='ltr'>telam</span> <span class='ocrx_word' id='word_1_4' title='bbox 651 543 688 584; x_wconf 89' lang='lat' dir='ltr'>ex</span> <span class='ocrx_word' id='word_1_5' title='bbox 721 542 784 604; x_wconf 92' lang='lat' dir='ltr'>qua</span> <span class='ocrx_word' id='word_1_6' title='bbox 817 522 876 586; x_wconf 85' lang='lat' dir='ltr'>leci</span> <span class='ocrx_word' id='word_1_7' title='bbox 909 525 1065 587; x_wconf 77' lang='lat' dir='ltr'><strong>mensalia</strong></span> <span class='ocrx_word' id='word_1_8' title='bbox 1089 523 1129 586; x_wconf 88' lang='lat' dir='ltr'>ad</span> <span class='ocrx_word' id='word_1_9' title='bbox 1162 537 1311 602; x_wconf 83' lang='lat' dir='ltr'>castrum,</span> <span class='ocrx_word' id='word_1_10' title='bbox 1336 538 1368 588; x_wconf 92' lang='lat' dir='ltr'>et</span> <span class='ocrx_word' id='word_1_11' title='bbox 1391 526 1493 587; x_wconf 91' lang='lat' dir='ltr'>eciam</span> 
     </span>
     <span class='ocr_line' id='line_1_2' title="bbox 229 627 872 710; baseline 0.008 -23"><span class='ocrx_word' id='word_1_12' title='bbox 229 647 287 709; x_wconf 88' lang='lat' dir='ltr'>pro</span> <span class='ocrx_word' id='word_1_13' title='bbox 312 628 507 710; x_wconf 91' lang='lat' dir='ltr'><strong>quibusdam</strong></span> <span class='ocrx_word' id='word_1_14' title='bbox 532 629 650 710; x_wconf 85' lang='lat' dir='ltr'>jopulis</span> <span class='ocrx_word' id='word_1_15' title='bbox 667 679 674 691; x_wconf 92' lang='lat'>.</span> <span class='ocrx_word' id='word_1_16' title='bbox 694 680 698 688; x_wconf 92' lang='lat'>.</span> <span class='ocrx_word' id='word_1_17' title='bbox 719 677 725 690; x_wconf 94' lang='lat'>.</span> <span class='ocrx_word' id='word_1_18' title='bbox 749 629 810 694; x_wconf 87' lang='lat' dir='ltr'>sol.</span> <span class='ocrx_word' id='word_1_19' title='bbox 837 627 872 692; x_wconf 94' lang='lat' dir='ltr'>l.</span> 
     </span>
    </p>

    <p class='ocr_par' dir='ltr' id='par_1_2' title="bbox 230 733 1495 922">
     <span class='ocr_line' id='line_1_3' title="bbox 333 733 1495 817; baseline 0.003 -21"><span class='ocrx_word' id='word_1_20' title='bbox 333 733 412 797; x_wconf 89' lang='lat' dir='ltr'>Item</span> <span class='ocrx_word' id='word_1_21' title='bbox 435 733 513 797; x_wconf 91' lang='lat' dir='ltr'>leria</span> <span class='ocrx_word' id='word_1_22' title='bbox 545 735 687 797; x_wconf 89' lang='lat' dir='ltr'>secunda</span> <span class='ocrx_word' id='word_1_23' title='bbox 721 749 793 817; x_wconf 89' lang='lat' dir='ltr'>post</span> <span class='ocrx_word' id='word_1_24' title='bbox 826 734 942 798; x_wconf 85' lang='lat' dir='ltr'>festum</span> <span class='ocrx_word' id='word_1_25' title='bbox 975 736 1150 799; x_wconf 86' lang='lat' dir='ltr'>Scolastice</span> <span class='ocrx_word' id='word_1_26' title='bbox 1183 738 1247 800; x_wconf 90' lang='lat' dir='ltr'>emi</span> <span class='ocrx_word' id='word_1_27' title='bbox 1272 737 1424 800; x_wconf 89' lang='lat' dir='ltr'>candelas</span> <span class='ocrx_word' id='word_1_28' title='bbox 1446 758 1495 800; x_wconf 87' lang='lat' dir='ltr'>se-</span> 
     </span>
     <span class='ocr_line' id='line_1_4' title="bbox 230 839 561 922; baseline 0.012 -21"><span class='ocrx_word' id='word_1_29' title='bbox 230 859 383 922; x_wconf 90' lang='lat' dir='ltr'>peas...</span> <span class='ocrx_word' id='word_1_30' title='bbox 412 842 472 907; x_wconf 86' lang='lat' dir='ltr'>sol.</span> <span class='ocrx_word' id='word_1_31' title='bbox 496 839 561 906; x_wconf 93' lang='lat' dir='ltr'>Xll.</span> 
     </span>
    </p>

    <p class='ocr_par' dir='ltr' id='par_1_3' title="bbox 232 945 1493 1137">
     <span class='ocr_line' id='line_1_5' title="bbox 334 945 1493 1030; baseline 0.003 -20"><span class='ocrx_word' id='word_1_32' title='bbox 334 945 412 1010; x_wconf 86' lang='lat' dir='ltr'>Item</span> <span class='ocrx_word' id='word_1_33' title='bbox 446 947 523 1009; x_wconf 87' lang='lat' dir='ltr'>Ieria</span> <span class='ocrx_word' id='word_1_34' title='bbox 556 961 668 1030; x_wconf 88' lang='lat' dir='ltr'><strong>quarta</strong></span> <span class='ocrx_word' id='word_1_35' title='bbox 700 962 773 1011; x_wconf 90' lang='lat' dir='ltr'>ante</span> <span class='ocrx_word' id='word_1_36' title='bbox 798 946 915 1011; x_wconf 86' lang='lat' dir='ltr'>festum</span> <span class='ocrx_word' id='word_1_37' title='bbox 946 949 1110 1012; x_wconf 88' lang='lat' dir='ltr'>Valentini</span> <span class='ocrx_word' id='word_1_38' title='bbox 1143 950 1214 1012; x_wconf 91' lang='lat' dir='ltr'>misi</span> <span class='ocrx_word' id='word_1_39' title='bbox 1240 950 1361 1013; x_wconf 89' lang='lat' dir='ltr'><strong>Lucam</strong></span> <span class='ocrx_word' id='word_1_40' title='bbox 1384 971 1493 1013; x_wconf 83' lang='lat' dir='ltr'>versus</span> 
     </span>
     <span class='ocr_line' id='line_1_6' title="bbox 232 1052 1124 1137; baseline 0.004 -21"><span class='ocrx_word' id='word_1_41' title='bbox 232 1052 372 1136; x_wconf 82' lang='lat' dir='ltr'>Gewreg</span> <span class='ocrx_word' id='word_1_42' title='bbox 391 1069 423 1118; x_wconf 91' lang='lat' dir='ltr'>et</span> <span class='ocrx_word' id='word_1_43' title='bbox 446 1055 550 1117; x_wconf 90' lang='lat' dir='ltr'>eidem</span> <span class='ocrx_word' id='word_1_44' title='bbox 575 1055 651 1117; x_wconf 87' lang='lat' dir='ltr'>dedi</span> <span class='ocrx_word' id='word_1_45' title='bbox 672 1055 712 1116; x_wconf 93' lang='lat' dir='ltr'>ad</span> <span class='ocrx_word' id='word_1_46' title='bbox 730 1074 885 1137; x_wconf 84' lang='lat' dir='ltr'>expensas</span> <span class='ocrx_word' id='word_1_47' title='bbox 904 1106 910 1118; x_wconf 94' lang='lat'>.</span> <span class='ocrx_word' id='word_1_48' title='bbox 929 1104 961 1118; x_wconf 90' lang='lat'>..</span> <span class='ocrx_word' id='word_1_49' title='bbox 987 1057 1046 1121; x_wconf 91' lang='lat' dir='ltr'>sol.</span> <span class='ocrx_word' id='word_1_50' title='bbox 1071 1055 1124 1120; x_wconf 91' lang='lat' dir='ltr'>XII</span> 
     </span>
    </p>

    <p class='ocr_par' dir='ltr' id='par_1_4' title="bbox 228 1159 1492 1349">
     <span class='ocr_line' id='line_1_7' title="bbox 333 1159 1492 1226; baseline 0.003 -4"><span class='ocrx_word' id='word_1_51' title='bbox 333 1159 410 1222; x_wconf 92' lang='lat' dir='ltr'>Item</span> <span class='ocrx_word' id='word_1_52' title='bbox 436 1162 468 1223; x_wconf 93' lang='lat' dir='ltr'>in</span> <span class='ocrx_word' id='word_1_53' title='bbox 493 1160 575 1224; x_wconf 84' lang='lat' dir='ltr'>festo</span> <span class='ocrx_word' id='word_1_54' title='bbox 598 1159 761 1223; x_wconf 87' lang='lat' dir='ltr'>Valentini</span> <span class='ocrx_word' id='word_1_55' title='bbox 794 1162 865 1223; x_wconf 89' lang='lat' dir='ltr'>misi</span> <span class='ocrx_word' id='word_1_56' title='bbox 900 1162 1112 1224; x_wconf 84' lang='lat' dir='ltr'>Benedictum</span> <span class='ocrx_word' id='word_1_57' title='bbox 1143 1163 1306 1226; x_wconf 85' lang='lat' dir='ltr'>literatum</span> <span class='ocrx_word' id='word_1_58' title='bbox 1330 1163 1412 1226; x_wconf 89' lang='lat' dir='ltr'>circa</span> <span class='ocrx_word' id='word_1_59' title='bbox 1437 1164 1492 1225; x_wconf 92' lang='lat' dir='ltr'>do·</span> 
     </span>
     <span class='ocr_line' id='line_1_8' title="bbox 228 1266 1079 1349; baseline 0.006 -23"><span class='ocrx_word' id='word_1_60' title='bbox 228 1266 353 1328; x_wconf 90' lang='lat' dir='ltr'><strong>minum</strong></span> <span class='ocrx_word' id='word_1_61' title='bbox 378 1282 409 1329; x_wconf 89' lang='lat' dir='ltr'>et</span> <span class='ocrx_word' id='word_1_62' title='bbox 432 1267 507 1330; x_wconf 89' lang='lat' dir='ltr'>dedi</span> <span class='ocrx_word' id='word_1_63' title='bbox 532 1267 561 1329; x_wconf 90' lang='lat' dir='ltr'>ei</span> <span class='ocrx_word' id='word_1_64' title='bbox 586 1268 626 1328; x_wconf 93' lang='lat' dir='ltr'>ad</span> <span class='ocrx_word' id='word_1_65' title='bbox 651 1287 805 1349; x_wconf 84' lang='lat' dir='ltr'>expensas</span> <span class='ocrx_word' id='word_1_66' title='bbox 822 1315 828 1329; x_wconf 94' lang='lat'>.</span> <span class='ocrx_word' id='word_1_67' title='bbox 848 1317 880 1331; x_wconf 94' lang='lat'>..</span> <span class='ocrx_word' id='word_1_68' title='bbox 906 1268 964 1332; x_wconf 89' lang='lat' dir='ltr'>sol.</span> <span class='ocrx_word' id='word_1_69' title='bbox 989 1267 1079 1331; x_wconf 74' lang='lat' dir='ltr'>I⁸Vll.</span> 
     </span>
    </p>

    <p class='ocr_par' dir='ltr' id='par_1_5' title="bbox 227 1372 1493 1545">
     <span class='ocr_line' id='line_1_9' title="bbox 331 1372 1493 1456; baseline 0.002 -21"><span class='ocrx_word' id='word_1_70' title='bbox 331 1372 410 1436; x_wconf 88' lang='lat' dir='ltr'>Item</span> <span class='ocrx_word' id='word_1_71' title='bbox 435 1372 514 1436; x_wconf 84' lang='lat' dir='ltr'>feria</span> <span class='ocrx_word' id='word_1_72' title='bbox 538 1374 679 1436; x_wconf 90' lang='lat' dir='ltr'>secunda</span> <span class='ocrx_word' id='word_1_73' title='bbox 697 1374 729 1435; x_wconf 90' lang='lat' dir='ltr'>in</span> <span class='ocrx_word' id='word_1_74' title='bbox 748 1374 967 1456; x_wconf 79' lang='lat' dir='ltr'>carnisprivio</span> <span class='ocrx_word' id='word_1_75' title='bbox 992 1375 1056 1437; x_wconf 90' lang='lat' dir='ltr'>emi</span> <span class='ocrx_word' id='word_1_76' title='bbox 1073 1375 1216 1437; x_wconf 89' lang='lat' dir='ltr'>butirum</span> <span class='ocrx_word' id='word_1_77' title='bbox 1232 1374 1272 1437; x_wconf 87' lang='lat' dir='ltr'>ad</span> <span class='ocrx_word' id='word_1_78' title='bbox 1297 1388 1493 1439; x_wconf 89' lang='lat' dir='ltr'>castrum...</span> 
     </span>
     <span class='ocr_line' id='line_1_10' title="bbox 227 1479 374 1545; baseline 0.02 -4"><span class='ocrx_word' id='word_1_79' title='bbox 227 1481 285 1544; x_wconf 91' lang='lat' dir='ltr'>sol.</span> <span class='ocrx_word' id='word_1_80' title='bbox 310 1479 374 1545; x_wconf 93' lang='lat' dir='ltr'>Xll.</span> 
     </span>
    </p>

    <p class='ocr_par' dir='ltr' id='par_1_6' title="bbox 230 1564 1493 1879">
     <span class='ocr_line' id='line_1_11' title="bbox 333 1564 1493 1670; baseline -0.002 -20"><span class='ocrx_word' id='word_1_81' title='bbox 333 1586 410 1650; x_wconf 92' lang='lat' dir='ltr'>Item</span> <span class='ocrx_word' id='word_1_82' title='bbox 435 1587 513 1649; x_wconf 86' lang='lat' dir='ltr'>feria</span> <span class='ocrx_word' id='word_1_83' title='bbox 537 1588 635 1650; x_wconf 74' lang='lat' dir='ltr'>tercIa</span> <span class='ocrx_word' id='word_1_84' title='bbox 658 1587 690 1647; x_wconf 88' lang='lat' dir='ltr'>In</span> <span class='ocrx_word' id='word_1_85' title='bbox 708 1586 931 1669; x_wconf 88' lang='lat' dir='ltr'>Carnisprivio</span> <span class='ocrx_word' id='word_1_86' title='bbox 956 1587 1026 1649; x_wconf 87' lang='lat' dir='ltr'>misi</span> <span class='ocrx_word' id='word_1_87' title='bbox 1044 1564 1182 1649; x_wconf 48' lang='lat' dir='ltr'><strong>&#39;Paulum</strong></span> <span class='ocrx_word' id='word_1_88' title='bbox 1207 1587 1417 1650; x_wconf 87' lang='lat' dir='ltr'>castellanum</span> <span class='ocrx_word' id='word_1_89' title='bbox 1435 1606 1493 1670; x_wconf 88' lang='lat' dir='ltr'>pro</span> 
     </span>
     <span class='ocr_line' id='line_1_12' title="bbox 230 1692 1492 1775; baseline -0.001 -21"><span class='ocrx_word' id='word_1_90' title='bbox 230 1693 406 1755; x_wconf 89' lang='lat' dir='ltr'>aducendis</span> <span class='ocrx_word' id='word_1_91' title='bbox 430 1692 618 1755; x_wconf 88' lang='lat' dir='ltr'>homiuibus</span> <span class='ocrx_word' id='word_1_92' title='bbox 648 1693 745 1774; x_wconf 86' lang='lat' dir='ltr'>regiis</span> <span class='ocrx_word' id='word_1_93' title='bbox 775 1692 815 1755; x_wconf 95' lang='lat' dir='ltr'>ad</span> <span class='ocrx_word' id='word_1_94' title='bbox 843 1693 1000 1775; x_wconf 89' lang='lat' dir='ltr'><strong>quasdam</strong></span> <span class='ocrx_word' id='word_1_95' title='bbox 1033 1693 1275 1775; x_wconf 82' lang='lat' dir='ltr'>InquisicIones,</span> <span class='ocrx_word' id='word_1_96' title='bbox 1299 1692 1375 1754; x_wconf 89' lang='lat' dir='ltr'>dedi</span> <span class='ocrx_word' id='word_1_97' title='bbox 1399 1693 1428 1753; x_wconf 90' lang='lat' dir='ltr'>ei</span> <span class='ocrx_word' id='word_1_98' title='bbox 1453 1693 1492 1754; x_wconf 90' lang='lat' dir='ltr'>ad</span> 
     </span>
     <span class='ocr_line' id='line_1_13' title="bbox 230 1798 603 1879; baseline 0.003 -21"><span class='ocrx_word' id='word_1_99' title='bbox 230 1817 409 1879; x_wconf 87' lang='lat' dir='ltr'>expensas.</span> <span class='ocrx_word' id='word_1_100' title='bbox 427 1848 433 1859; x_wconf 87' lang='lat'>.</span> <span class='ocrx_word' id='word_1_101' title='bbox 451 1846 458 1861; x_wconf 91' lang='lat'>.</span> <span class='ocrx_word' id='word_1_102' title='bbox 481 1798 541 1860; x_wconf 88' lang='lat' dir='ltr'>sol.</span> <span class='ocrx_word' id='word_1_103' title='bbox 567 1798 603 1860; x_wconf 89' lang='lat' dir='ltr'>L.</span> 
     </span>
    </p>

    <p class='ocr_par' dir='ltr' id='par_1_7' title="bbox 227 1902 1490 2098">
     <span class='ocr_line' id='line_1_14' title="bbox 332 1902 1490 1987; baseline -0.001 -21"><span class='ocrx_word' id='word_1_104' title='bbox 332 1902 410 1966; x_wconf 87' lang='lat' dir='ltr'>Item</span> <span class='ocrx_word' id='word_1_105' title='bbox 435 1904 551 1965; x_wconf 91' lang='lat' dir='ltr'>eodem</span> <span class='ocrx_word' id='word_1_106' title='bbox 584 1903 637 1965; x_wconf 96' lang='lat' dir='ltr'>die</span> <span class='ocrx_word' id='word_1_107' title='bbox 662 1903 734 1964; x_wconf 84' lang='lat' dir='ltr'>misi</span> <span class='ocrx_word' id='word_1_108' title='bbox 760 1903 879 1965; x_wconf 88' lang='lat' dir='ltr'><strong>Lucam</strong></span> <span class='ocrx_word' id='word_1_109' title='bbox 906 1906 1094 1987; x_wconf 81' lang='lat' dir='ltr'>Zagrablam</span> <span class='ocrx_word' id='word_1_110' title='bbox 1128 1924 1186 1985; x_wconf 90' lang='lat' dir='ltr'>pro</span> <span class='ocrx_word' id='word_1_111' title='bbox 1211 1904 1404 1967; x_wconf 90' lang='lat' dir='ltr'>adducendo</span> <span class='ocrx_word' id='word_1_112' title='bbox 1430 1903 1490 1966; x_wconf 92' lang='lat' dir='ltr'>Ca·</span> 
     </span>
     <span class='ocr_line' id='line_1_15' title="bbox 227 2013 980 2098; baseline 0.007 -25"><span class='ocrx_word' id='word_1_113' title='bbox 227 2013 332 2094; x_wconf 90' lang='lat' dir='ltr'>pitulo</span> <span class='ocrx_word' id='word_1_114' title='bbox 357 2015 431 2076; x_wconf 91' lang='lat' dir='ltr'>dedi</span> <span class='ocrx_word' id='word_1_115' title='bbox 456 2016 484 2076; x_wconf 89' lang='lat' dir='ltr'>ei</span> <span class='ocrx_word' id='word_1_116' title='bbox 503 2015 543 2076; x_wconf 93' lang='lat' dir='ltr'>ad</span> <span class='ocrx_word' id='word_1_117' title='bbox 563 2034 766 2098; x_wconf 82' lang='lat' dir='ltr'>expensas..</span> <span class='ocrx_word' id='word_1_118' title='bbox 786 2066 792 2078; x_wconf 94' lang='lat'>.</span> <span class='ocrx_word' id='word_1_119' title='bbox 818 2017 875 2081; x_wconf 90' lang='lat' dir='ltr'>sol.</span> <span class='ocrx_word' id='word_1_120' title='bbox 899 2014 980 2078; x_wconf 94' lang='lat' dir='ltr'>XVI.</span> 
     </span>
    </p>

    <p class='ocr_par' dir='ltr' id='par_1_8' title="bbox 228 2117 1489 2308">
     <span class='ocr_line' id='line_1_16' title="bbox 333 2117 1489 2202; baseline -0.001 -21"><span class='ocrx_word' id='word_1_121' title='bbox 333 2117 409 2181; x_wconf 89' lang='lat' dir='ltr'>Item</span> <span class='ocrx_word' id='word_1_122' title='bbox 435 2119 514 2181; x_wconf 89' lang='lat' dir='ltr'>leria</span> <span class='ocrx_word' id='word_1_123' title='bbox 539 2120 679 2201; x_wconf 83' lang='lat' dir='ltr'><strong>(quarta)</strong></span> <span class='ocrx_word' id='word_1_124' title='bbox 697 2123 728 2182; x_wconf 90' lang='lat' dir='ltr'>in</span> <span class='ocrx_word' id='word_1_125' title='bbox 746 2121 798 2183; x_wconf 86' lang='lat' dir='ltr'>die</span> <span class='ocrx_word' id='word_1_126' title='bbox 823 2123 966 2182; x_wconf 88' lang='lat' dir='ltr'>cinerum</span> <span class='ocrx_word' id='word_1_127' title='bbox 991 2120 1062 2181; x_wconf 88' lang='lat' dir='ltr'>misi</span> <span class='ocrx_word' id='word_1_128' title='bbox 1088 2119 1268 2181; x_wconf 81' lang='lat' dir='ltr'>iohannem</span> <span class='ocrx_word' id='word_1_129' title='bbox 1302 2118 1489 2202; x_wconf 88' lang='lat' dir='ltr'>Gederoczy</span> 
     </span>
     <span class='ocr_line' id='line_1_17' title="bbox 228 2225 1489 2308; baseline 0.002 -23"><span class='ocrx_word' id='word_1_130' title='bbox 228 2225 309 2285; x_wconf 84' lang='lat' dir='ltr'>clrca</span> <span class='ocrx_word' id='word_1_131' title='bbox 324 2225 494 2287; x_wconf 89' lang='lat' dir='ltr'><strong>dominum</strong></span> <span class='ocrx_word' id='word_1_132' title='bbox 509 2227 825 2289; x_wconf 83' lang='lat' dir='ltr'>Reverendissimum</span> <span class='ocrx_word' id='word_1_133' title='bbox 851 2244 880 2288; x_wconf 88' lang='lat' dir='ltr'>et</span> <span class='ocrx_word' id='word_1_134' title='bbox 905 2227 943 2288; x_wconf 92' lang='lat' dir='ltr'>ad</span> <span class='ocrx_word' id='word_1_135' title='bbox 963 2245 1118 2308; x_wconf 84' lang='lat' dir='ltr'>expensas</span> <span class='ocrx_word' id='word_1_136' title='bbox 1142 2225 1216 2286; x_wconf 89' lang='lat' dir='ltr'>dedi</span> <span class='ocrx_word' id='word_1_137' title='bbox 1241 2226 1268 2287; x_wconf 88' lang='lat' dir='ltr'>ei</span> <span class='ocrx_word' id='word_1_138' title='bbox 1288 2275 1294 2287; x_wconf 93' lang='lat'>.</span> <span class='ocrx_word' id='word_1_139' title='bbox 1312 2272 1344 2287; x_wconf 92' lang='lat'>..</span> <span class='ocrx_word' id='word_1_140' title='bbox 1369 2226 1428 2287; x_wconf 91' lang='lat' dir='ltr'>sol.</span> <span class='ocrx_word' id='word_1_141' title='bbox 1455 2225 1489 2289; x_wconf 92' lang='lat' dir='ltr'>L.</span> 
     </span>
    </p>

    <p class='ocr_par' dir='ltr' id='par_1_9' title="bbox 335 2331 1033 2414">
     <span class='ocr_line' id='line_1_18' title="bbox 335 2331 1033 2414; baseline 0.004 -22"><span class='ocrx_word' id='word_1_142' title='bbox 335 2331 406 2392; x_wconf 87' lang='lat' dir='ltr'>Emi</span> <span class='ocrx_word' id='word_1_143' title='bbox 431 2333 534 2414; x_wconf 78' lang='lat' dir='ltr'>pisces</span> <span class='ocrx_word' id='word_1_144' title='bbox 558 2334 597 2394; x_wconf 92' lang='lat' dir='ltr'>ad</span> <span class='ocrx_word' id='word_1_145' title='bbox 623 2332 779 2396; x_wconf 90' lang='lat' dir='ltr'>Gemlech</span> <span class='ocrx_word' id='word_1_146' title='bbox 797 2383 805 2396; x_wconf 92' lang='lat'>.</span> <span class='ocrx_word' id='word_1_147' title='bbox 825 2384 856 2395; x_wconf 90' lang='lat'>..</span> <span class='ocrx_word' id='word_1_148' title='bbox 881 2334 940 2396; x_wconf 86' lang='lat' dir='ltr'>sol.</span> <span class='ocrx_word' id='word_1_149' title='bbox 965 2333 1033 2395; x_wconf 93' lang='lat' dir='ltr'>XL.</span> 
     </span>
    </p>

    <p class='ocr_par' dir='ltr' id='par_1_10' title="bbox 332 2436 1187 2521">
     <span class='ocr_line' id='line_1_19' title="bbox 332 2436 1187 2521; baseline 0.005 -24"><span class='ocrx_word' id='word_1_150' title='bbox 332 2437 382 2497; x_wconf 84' lang='lat' dir='ltr'>Ad</span> <span class='ocrx_word' id='word_1_151' title='bbox 409 2436 518 2521; x_wconf 82' lang='lat' dir='ltr'>Garyg</span> <span class='ocrx_word' id='word_1_152' title='bbox 543 2440 605 2499; x_wconf 92' lang='lat' dir='ltr'>emi</span> <span class='ocrx_word' id='word_1_153' title='bbox 632 2440 723 2520; x_wconf 87' lang='lat' dir='ltr'>piper</span> <span class='ocrx_word' id='word_1_154' title='bbox 746 2454 778 2502; x_wconf 91' lang='lat' dir='ltr'>et</span> <span class='ocrx_word' id='word_1_155' title='bbox 806 2458 936 2501; x_wconf 90' lang='lat' dir='ltr'>crocum</span> <span class='ocrx_word' id='word_1_156' title='bbox 954 2485 961 2500; x_wconf 92' lang='lat'>.</span> <span class='ocrx_word' id='word_1_157' title='bbox 981 2486 1012 2502; x_wconf 91' lang='lat'>..</span> <span class='ocrx_word' id='word_1_158' title='bbox 1037 2439 1095 2499; x_wconf 37' lang='lat' dir='ltr'>sol.</span> <span class='ocrx_word' id='word_1_159' title='bbox 1124 2437 1187 2508; x_wconf 80' lang='lat' dir='ltr'>1.L.</span> 
     </span>
    </p>

    <p class='ocr_par' dir='ltr' id='par_1_11' title="bbox 226 2541 1488 2733">
     <span class='ocr_line' id='line_1_20' title="bbox 332 2541 1488 2626; baseline 0 -22"><span class='ocrx_word' id='word_1_160' title='bbox 332 2542 409 2605; x_wconf 81' lang='lat' dir='ltr'>Item</span> <span class='ocrx_word' id='word_1_161' title='bbox 435 2543 513 2605; x_wconf 89' lang='lat' dir='ltr'>leria</span> <span class='ocrx_word' id='word_1_162' title='bbox 538 2545 649 2626; x_wconf 88' lang='lat' dir='ltr'><strong>quinta</strong></span> <span class='ocrx_word' id='word_1_163' title='bbox 684 2545 759 2607; x_wconf 91' lang='lat' dir='ltr'>dedi</span> <span class='ocrx_word' id='word_1_164' title='bbox 793 2546 898 2623; x_wconf 88' lang='lat' dir='ltr'>Petro,</span> <span class='ocrx_word' id='word_1_165' title='bbox 931 2545 970 2607; x_wconf 91' lang='lat' dir='ltr'>de</span> <span class='ocrx_word' id='word_1_166' title='bbox 994 2558 1101 2605; x_wconf 84' lang='lat' dir='ltr'>sancta</span> <span class='ocrx_word' id='word_1_167' title='bbox 1134 2543 1248 2618; x_wconf 87' lang='lat' dir='ltr'>Cruce,</span> <span class='ocrx_word' id='word_1_168' title='bbox 1274 2541 1405 2625; x_wconf 86' lang='lat' dir='ltr'>pellifici</span> <span class='ocrx_word' id='word_1_169' title='bbox 1430 2563 1488 2625; x_wconf 92' lang='lat' dir='ltr'>pro</span> 
     </span>
     <span class='ocr_line' id='line_1_21' title="bbox 226 2648 791 2733; baseline 0.009 -23"><span class='ocrx_word' id='word_1_170' title='bbox 226 2648 392 2711; x_wconf 86' lang='lat' dir='ltr'>laboribus</span> <span class='ocrx_word' id='word_1_171' title='bbox 416 2652 643 2733; x_wconf 88' lang='lat' dir='ltr'>preteritis...</span> <span class='ocrx_word' id='word_1_172' title='bbox 670 2652 729 2715; x_wconf 88' lang='lat' dir='ltr'>sol.</span> <span class='ocrx_word' id='word_1_173' title='bbox 754 2652 791 2715; x_wconf 68' lang='lat' dir='ltr'>lt.</span> 
     </span>
    </p>

    <p class='ocr_par' dir='ltr' id='par_1_12' title="bbox 332 2753 1092 2839">
     <span class='ocr_line' id='line_1_22' title="bbox 332 2753 1092 2839; baseline 0.004 -23"><span class='ocrx_word' id='word_1_174' title='bbox 332 2755 403 2816; x_wconf 87' lang='lat' dir='ltr'>Emi</span> <span class='ocrx_word' id='word_1_175' title='bbox 429 2757 531 2839; x_wconf 83' lang='lat' dir='ltr'>pisces</span> <span class='ocrx_word' id='word_1_176' title='bbox 555 2756 595 2818; x_wconf 91' lang='lat' dir='ltr'>ad</span> <span class='ocrx_word' id='word_1_177' title='bbox 621 2756 776 2819; x_wconf 90' lang='lat' dir='ltr'>Gemlech</span> <span class='ocrx_word' id='word_1_178' title='bbox 795 2807 802 2819; x_wconf 92' lang='lat'>.</span> <span class='ocrx_word' id='word_1_179' title='bbox 822 2805 853 2820; x_wconf 90' lang='lat'>..</span> <span class='ocrx_word' id='word_1_180' title='bbox 879 2757 938 2819; x_wconf 88' lang='lat' dir='ltr'>sol.</span> <span class='ocrx_word' id='word_1_181' title='bbox 965 2753 1092 2819; x_wconf 91' lang='lat' dir='ltr'>XXVII.</span> 
     </span>
    </p>

    <p class='ocr_par' dir='ltr' id='par_1_13' title="bbox 226 2861 1483 3049">
     <span class='ocr_line' id='line_1_23' title="bbox 333 2861 1483 2945; baseline -0.001 -22"><span class='ocrx_word' id='word_1_182' title='bbox 333 2861 455 2924; x_wconf 87' lang='lat' dir='ltr'>Eodem</span> <span class='ocrx_word' id='word_1_183' title='bbox 474 2863 525 2923; x_wconf 93' lang='lat' dir='ltr'>die</span> <span class='ocrx_word' id='word_1_184' title='bbox 540 2863 610 2924; x_wconf 89' lang='lat' dir='ltr'>misi</span> <span class='ocrx_word' id='word_1_185' title='bbox 631 2864 749 2925; x_wconf 91' lang='lat' dir='ltr'><strong>Lucam</strong></span> <span class='ocrx_word' id='word_1_186' title='bbox 764 2883 836 2925; x_wconf 91' lang='lat' dir='ltr'>cum</span> <span class='ocrx_word' id='word_1_187' title='bbox 852 2863 981 2925; x_wconf 90' lang='lat' dir='ltr'>homine</span> <span class='ocrx_word' id='word_1_188' title='bbox 999 2863 1087 2943; x_wconf 84' lang='lat' dir='ltr'>regio</span> <span class='ocrx_word' id='word_1_189' title='bbox 1105 2861 1256 2944; x_wconf 82' lang='lat' dir='ltr'>profacto</span> <span class='ocrx_word' id='word_1_190' title='bbox 1270 2861 1483 2945; x_wconf 90' lang='lat' dir='ltr'><strong>quarumdam</strong></span> 
     </span>
     <span class='ocr_line' id='line_1_24' title="bbox 226 2967 1483 3049; baseline 0.001 -22"><span class='ocrx_word' id='word_1_191' title='bbox 226 2968 479 3048; x_wconf 86' lang='lat' dir='ltr'>inquisicionum</span> <span class='ocrx_word' id='word_1_192' title='bbox 497 2970 578 3030; x_wconf 84' lang='lat' dir='ltr'>clrca</span> <span class='ocrx_word' id='word_1_193' title='bbox 605 2969 846 3045; x_wconf 84' lang='lat' dir='ltr'>CrachInowcz‚</span> <span class='ocrx_word' id='word_1_194' title='bbox 863 2984 893 3030; x_wconf 87' lang='lat' dir='ltr'>et</span> <span class='ocrx_word' id='word_1_195' title='bbox 910 2968 949 3029; x_wconf 90' lang='lat' dir='ltr'>ad</span> <span class='ocrx_word' id='word_1_196' title='bbox 974 2987 1129 3049; x_wconf 87' lang='lat' dir='ltr'>expensas</span> <span class='ocrx_word' id='word_1_197' title='bbox 1153 2967 1226 3029; x_wconf 90' lang='lat' dir='ltr'>dedi</span> <span class='ocrx_word' id='word_1_198' title='bbox 1253 2967 1302 3029; x_wconf 91' lang='lat' dir='ltr'>ei.</span> <span class='ocrx_word' id='word_1_199' title='bbox 1323 3016 1330 3030; x_wconf 94' lang='lat'>.</span> <span class='ocrx_word' id='word_1_200' title='bbox 1349 2967 1428 3028; x_wconf 80' lang='lat' dir='ltr'>,sol</span> <span class='ocrx_word' id='word_1_201' title='bbox 1448 2967 1483 3028; x_wconf 94' lang='lat' dir='ltr'>L.</span> 
     </span>
    </p>

    <p class='ocr_par' dir='ltr' id='par_1_14' title="bbox 224 3073 1486 3370">
     <span class='ocr_line' id='line_1_25' title="bbox 333 3073 1482 3156; baseline 0.001 -21"><span class='ocrx_word' id='word_1_202' title='bbox 333 3074 409 3136; x_wconf 86' lang='lat' dir='ltr'>Item</span> <span class='ocrx_word' id='word_1_203' title='bbox 436 3075 551 3137; x_wconf 91' lang='lat' dir='ltr'>eodem</span> <span class='ocrx_word' id='word_1_204' title='bbox 576 3076 628 3136; x_wconf 90' lang='lat' dir='ltr'>die</span> <span class='ocrx_word' id='word_1_205' title='bbox 662 3076 733 3137; x_wconf 88' lang='lat' dir='ltr'>misi</span> <span class='ocrx_word' id='word_1_206' title='bbox 760 3076 888 3137; x_wconf 85' lang='lat' dir='ltr'>Petrum</span> <span class='ocrx_word' id='word_1_207' title='bbox 920 3094 992 3135; x_wconf 90' lang='lat' dir='ltr'>cum</span> <span class='ocrx_word' id='word_1_208' title='bbox 1018 3073 1195 3154; x_wconf 87' lang='lat' dir='ltr'>Capitulis:</span> <span class='ocrx_word' id='word_1_209' title='bbox 1227 3074 1428 3156; x_wconf 86' lang='lat' dir='ltr'>zagrabiensi</span> <span class='ocrx_word' id='word_1_210' title='bbox 1451 3087 1482 3136; x_wconf 89' lang='lat' dir='ltr'>et</span> 
     </span>
     <span class='ocr_line' id='line_1_26' title="bbox 225 3180 1486 3264; baseline -0.002 -22"><span class='ocrx_word' id='word_1_211' title='bbox 225 3180 403 3244; x_wconf 88' lang='lat' dir='ltr'>chasmensi</span> <span class='ocrx_word' id='word_1_212' title='bbox 423 3194 539 3243; x_wconf 91' lang='lat' dir='ltr'>etcum</span> <span class='ocrx_word' id='word_1_213' title='bbox 553 3181 740 3244; x_wconf 89' lang='lat' dir='ltr'>hominibus</span> <span class='ocrx_word' id='word_1_214' title='bbox 763 3182 861 3264; x_wconf 86' lang='lat' dir='ltr'>regiis</span> <span class='ocrx_word' id='word_1_215' title='bbox 884 3181 924 3243; x_wconf 94' lang='lat' dir='ltr'>ad</span> <span class='ocrx_word' id='word_1_216' title='bbox 949 3180 1174 3242; x_wconf 81' lang='lat' dir='ltr'>execucionem</span> <span class='ocrx_word' id='word_1_217' title='bbox 1195 3180 1430 3262; x_wconf 86' lang='lat' dir='ltr'>Inquisitoriam</span> <span class='ocrx_word' id='word_1_218' title='bbox 1455 3193 1486 3240; x_wconf 90' lang='lat' dir='ltr'>et</span> 
     </span>
     <span class='ocr_line' id='line_1_27' title="bbox 224 3285 1195 3370; baseline 0 -22"><span class='ocrx_word' id='word_1_219' title='bbox 224 3289 326 3349; x_wconf 82' lang='lat' dir='ltr'>eclam</span> <span class='ocrx_word' id='word_1_220' title='bbox 350 3289 551 3368; x_wconf 86' lang='lat' dir='ltr'>Zagrabiam,</span> <span class='ocrx_word' id='word_1_221' title='bbox 576 3287 650 3349; x_wconf 88' lang='lat' dir='ltr'>dedi</span> <span class='ocrx_word' id='word_1_222' title='bbox 676 3289 704 3350; x_wconf 93' lang='lat' dir='ltr'>ei</span> <span class='ocrx_word' id='word_1_223' title='bbox 729 3289 769 3348; x_wconf 93' lang='lat' dir='ltr'>ad</span> <span class='ocrx_word' id='word_1_224' title='bbox 794 3306 996 3370; x_wconf 82' lang='lat' dir='ltr'>expensas..</span> <span class='ocrx_word' id='word_1_225' title='bbox 1017 3335 1023 3348; x_wconf 94' lang='lat'>.</span> <span class='ocrx_word' id='word_1_226' title='bbox 1048 3287 1096 3347; x_wconf 89' lang='lat' dir='ltr'>sol</span> <span class='ocrx_word' id='word_1_227' title='bbox 1132 3285 1195 3348; x_wconf 77' lang='lat' dir='ltr'>I⁰L.</span> 
     </span>
    </p>

    <p class='ocr_par' dir='ltr' id='par_1_15' title="bbox 223 3390 1485 3565">
     <span class='ocr_line' id='line_1_28' title="bbox 331 3390 1485 3475; baseline -0.003 -19"><span class='ocrx_word' id='word_1_228' title='bbox 331 3393 411 3456; x_wconf 82' lang='lat' dir='ltr'>Item</span> <span class='ocrx_word' id='word_1_229' title='bbox 429 3414 487 3475; x_wconf 87' lang='lat' dir='ltr'>pro</span> <span class='ocrx_word' id='word_1_230' title='bbox 505 3395 714 3456; x_wconf 89' lang='lat' dir='ltr'>babatacione</span> <span class='ocrx_word' id='word_1_231' title='bbox 732 3395 807 3475; x_wconf 91' lang='lat' dir='ltr'>equi</span> <span class='ocrx_word' id='word_1_232' title='bbox 827 3393 922 3455; x_wconf 87' lang='lat' dir='ltr'>unius</span> <span class='ocrx_word' id='word_1_233' title='bbox 946 3392 1064 3454; x_wconf 91' lang='lat' dir='ltr'>nobilis</span> <span class='ocrx_word' id='word_1_234' title='bbox 1080 3392 1221 3453; x_wconf 89' lang='lat' dir='ltr'>hominis</span> <span class='ocrx_word' id='word_1_235' title='bbox 1237 3391 1316 3473; x_wconf 81' lang='lat' dir='ltr'>regii</span> <span class='ocrx_word' id='word_1_236' title='bbox 1334 3390 1408 3453; x_wconf 91' lang='lat' dir='ltr'>dedi</span> <span class='ocrx_word' id='word_1_237' title='bbox 1427 3440 1434 3454; x_wconf 96' lang='lat'>.</span> <span class='ocrx_word' id='word_1_238' title='bbox 1453 3440 1459 3452; x_wconf 94' lang='lat'>.</span> <span class='ocrx_word' id='word_1_239' title='bbox 1477 3437 1485 3452; x_wconf 88' lang='lat'>.</span> 
     </span>
     <span class='ocr_line' id='line_1_29' title="bbox 223 3498 370 3565; baseline 0.014 -4"><span class='ocrx_word' id='word_1_240' title='bbox 223 3500 281 3565; x_wconf 86' lang='lat' dir='ltr'>sol.</span> <span class='ocrx_word' id='word_1_241' title='bbox 306 3498 370 3563; x_wconf 93' lang='lat' dir='ltr'>Vll.</span> 
     </span>
    </p>

    <p class='ocr_par' dir='ltr' id='par_1_16' title="bbox 224 3600 1487 3793">
     <span class='ocr_line' id='line_1_30' title="bbox 330 3600 1487 3687; baseline -0.003 -20"><span class='ocrx_word' id='word_1_242' title='bbox 330 3606 407 3667; x_wconf 89' lang='lat' dir='ltr'>Item</span> <span class='ocrx_word' id='word_1_243' title='bbox 434 3606 527 3667; x_wconf 87' lang='lat' dir='ltr'>Petro</span> <span class='ocrx_word' id='word_1_244' title='bbox 552 3605 728 3682; x_wconf 85' lang='lat' dir='ltr'>Mikchecz‚</span> <span class='ocrx_word' id='word_1_245' title='bbox 752 3605 807 3687; x_wconf 92' lang='lat' dir='ltr'>qui</span> <span class='ocrx_word' id='word_1_246' title='bbox 833 3605 866 3666; x_wconf 89' lang='lat' dir='ltr'>in</span> <span class='ocrx_word' id='word_1_247' title='bbox 898 3604 1037 3687; x_wconf 91' lang='lat' dir='ltr'><strong>quadam</strong></span> <span class='ocrx_word' id='word_1_248' title='bbox 1064 3603 1279 3685; x_wconf 83' lang='lat' dir='ltr'>InquisIcione</span> <span class='ocrx_word' id='word_1_249' title='bbox 1303 3600 1364 3663; x_wconf 87' lang='lat' dir='ltr'>luit</span> <span class='ocrx_word' id='word_1_250' title='bbox 1388 3600 1487 3664; x_wconf 87' lang='lat' dir='ltr'><strong>homo</strong></span> 
     </span>
     <span class='ocr_line' id='line_1_31' title="bbox 224 3711 657 3793; baseline 0.002 -20"><span class='ocrx_word' id='word_1_251' title='bbox 224 3713 341 3793; x_wconf 81' lang='lat' dir='ltr'>regius,</span> <span class='ocrx_word' id='word_1_252' title='bbox 365 3712 514 3775; x_wconf 86' lang='lat' dir='ltr'>dedi...</span> <span class='ocrx_word' id='word_1_253' title='bbox 538 3711 598 3776; x_wconf 91' lang='lat' dir='ltr'>sol.</span> <span class='ocrx_word' id='word_1_254' title='bbox 624 3711 657 3774; x_wconf 78' lang='lat' dir='ltr'>Ie.</span> 
     </span>
    </p>

    <p class='ocr_par' dir='ltr' id='par_1_17' title="bbox 329 3814 1231 3900">
     <span class='ocr_line' id='line_1_32' title="bbox 329 3814 1231 3900; baseline -0.002 -20"><span class='ocrx_word' id='word_1_255' title='bbox 329 3818 492 3900; x_wconf 81' lang='lat' dir='ltr'>Stephano</span> <span class='ocrx_word' id='word_1_256' title='bbox 517 3818 556 3879; x_wconf 93' lang='lat' dir='ltr'>de</span> <span class='ocrx_word' id='word_1_257' title='bbox 582 3819 704 3880; x_wconf 85' lang='lat' dir='ltr'>Rawen</span> <span class='ocrx_word' id='word_1_258' title='bbox 729 3837 787 3900; x_wconf 89' lang='lat' dir='ltr'>pro</span> <span class='ocrx_word' id='word_1_259' title='bbox 810 3817 908 3879; x_wconf 87' lang='lat' dir='ltr'>simili</span> <span class='ocrx_word' id='word_1_260' title='bbox 934 3815 1016 3878; x_wconf 88' lang='lat' dir='ltr'>lacto</span> <span class='ocrx_word' id='word_1_261' title='bbox 1035 3864 1041 3879; x_wconf 95' lang='lat'>.</span> <span class='ocrx_word' id='word_1_262' title='bbox 1059 3863 1089 3878; x_wconf 95' lang='lat'>..</span> <span class='ocrx_word' id='word_1_263' title='bbox 1114 3816 1172 3879; x_wconf 91' lang='lat' dir='ltr'>sol.</span> <span class='ocrx_word' id='word_1_264' title='bbox 1197 3814 1231 3878; x_wconf 77' lang='lat'>1⁰.</span> 
     </span>
    </p>

    <p class='ocr_par' dir='ltr' id='par_1_18' title="bbox 331 3922 1003 4003">
     <span class='ocr_line' id='line_1_33' title="bbox 331 3922 1003 4003; baseline 0 -18"><span class='ocrx_word' id='word_1_265' title='bbox 331 3924 467 3985; x_wconf 90' lang='lat' dir='ltr'>Belkoni</span> <span class='ocrx_word' id='word_1_266' title='bbox 493 3923 591 4003; x_wconf 85' lang='lat' dir='ltr'>judici</span> <span class='ocrx_word' id='word_1_267' title='bbox 617 3924 777 3985; x_wconf 90' lang='lat' dir='ltr'>nobilium</span> <span class='ocrx_word' id='word_1_268' title='bbox 880 3922 939 3985; x_wconf 91' lang='lat' dir='ltr'>sol.</span> <span class='ocrx_word' id='word_1_269' title='bbox 964 3923 1003 3986; x_wconf 92' lang='lat' dir='ltr'>X.</span> 
     </span>
    </p>

    <p class='ocr_par' dir='ltr' id='par_1_19' title="bbox 222 4026 1485 4200">
     <span class='ocr_line' id='line_1_34' title="bbox 327 4026 1485 4109; baseline -0.003 -17"><span class='ocrx_word' id='word_1_270' title='bbox 327 4029 404 4093; x_wconf 81' lang='lat' dir='ltr'>Item</span> <span class='ocrx_word' id='word_1_271' title='bbox 430 4029 507 4091; x_wconf 88' lang='lat' dir='ltr'>leria</span> <span class='ocrx_word' id='word_1_272' title='bbox 532 4043 619 4091; x_wconf 87' lang='lat' dir='ltr'>sexta</span> <span class='ocrx_word' id='word_1_273' title='bbox 647 4042 721 4091; x_wconf 89' lang='lat' dir='ltr'>ante</span> <span class='ocrx_word' id='word_1_274' title='bbox 752 4026 926 4106; x_wconf 83' lang='lat' dir='ltr'>luvocavit‚</span> <span class='ocrx_word' id='word_1_275' title='bbox 945 4028 1018 4089; x_wconf 93' lang='lat' dir='ltr'>dedi</span> <span class='ocrx_word' id='word_1_276' title='bbox 1044 4027 1208 4109; x_wconf 83' lang='lat' dir='ltr'>Stephano</span> <span class='ocrx_word' id='word_1_277' title='bbox 1233 4046 1312 4088; x_wconf 91' lang='lat' dir='ltr'>coco</span> <span class='ocrx_word' id='word_1_278' title='bbox 1336 4026 1485 4091; x_wconf 86' lang='lat' dir='ltr'>castri...</span> 
     </span>
     <span class='ocr_line' id='line_1_35' title="bbox 222 4138 374 4200; baseline 0.013 -2"><span class='ocrx_word' id='word_1_279' title='bbox 222 4138 281 4199; x_wconf 85' lang='lat' dir='ltr'>sol.</span> <span class='ocrx_word' id='word_1_280' title='bbox 307 4138 374 4200; x_wconf 95' lang='lat' dir='ltr'>XL.</span> 
     </span>
    </p>

    <p class='ocr_par' dir='ltr' id='par_1_20' title="bbox 329 4239 987 4325">
     <span class='ocr_line' id='line_1_36' title="bbox 329 4239 987 4325; baseline 0 -21"><span class='ocrx_word' id='word_1_281' title='bbox 329 4244 400 4304; x_wconf 88' lang='lat' dir='ltr'>Misi</span> <span class='ocrx_word' id='word_1_282' title='bbox 426 4244 529 4324; x_wconf 88' lang='lat' dir='ltr'>pisces</span> <span class='ocrx_word' id='word_1_283' title='bbox 553 4241 592 4302; x_wconf 92' lang='lat' dir='ltr'>ad</span> <span class='ocrx_word' id='word_1_284' title='bbox 619 4240 728 4325; x_wconf 87' lang='lat' dir='ltr'>Garyg</span> <span class='ocrx_word' id='word_1_285' title='bbox 746 4290 752 4304; x_wconf 95' lang='lat'>.</span> <span class='ocrx_word' id='word_1_286' title='bbox 770 4289 800 4304; x_wconf 86' lang='lat'>..</span> <span class='ocrx_word' id='word_1_287' title='bbox 826 4241 885 4305; x_wconf 92' lang='lat' dir='ltr'>sol.</span> <span class='ocrx_word' id='word_1_288' title='bbox 910 4239 987 4305; x_wconf 91' lang='lat' dir='ltr'>LVI.</span> 
     </span>
    </p>

    <p class='ocr_par' dir='ltr' id='par_1_21' title="bbox 328 4342 1440 4429">
     <span class='ocr_line' id='line_1_37' title="bbox 328 4342 1440 4429; baseline -0.005 -18"><span class='ocrx_word' id='word_1_289' title='bbox 328 4351 405 4411; x_wconf 89' lang='lat' dir='ltr'>Item</span> <span class='ocrx_word' id='word_1_290' title='bbox 429 4349 544 4412; x_wconf 90' lang='lat' dir='ltr'>eodem</span> <span class='ocrx_word' id='word_1_291' title='bbox 570 4349 622 4411; x_wconf 88' lang='lat' dir='ltr'>die</span> <span class='ocrx_word' id='word_1_292' title='bbox 647 4349 686 4410; x_wconf 91' lang='lat' dir='ltr'>ad</span> <span class='ocrx_word' id='word_1_293' title='bbox 713 4347 869 4411; x_wconf 88' lang='lat' dir='ltr'>Gemlech</span> <span class='ocrx_word' id='word_1_294' title='bbox 893 4348 956 4409; x_wconf 90' lang='lat' dir='ltr'>emi</span> <span class='ocrx_word' id='word_1_295' title='bbox 982 4348 1159 4429; x_wconf 82' lang='lat' dir='ltr'>pisces...</span> <span class='ocrx_word' id='word_1_296' title='bbox 1184 4345 1243 4409; x_wconf 89' lang='lat' dir='ltr'>sol.</span> <span class='ocrx_word' id='word_1_297' title='bbox 1269 4342 1440 4407; x_wconf 91' lang='lat' dir='ltr'>XXXVIII.</span> 
     </span>
    </p>

    <p class='ocr_par' dir='ltr' id='par_1_22' title="bbox 222 4451 1485 4645">
     <span class='ocr_line' id='line_1_38' title="bbox 327 4451 1485 4533; baseline -0.006 -16"><span class='ocrx_word' id='word_1_298' title='bbox 327 4454 405 4518; x_wconf 86' lang='lat' dir='ltr'>Item</span> <span class='ocrx_word' id='word_1_299' title='bbox 431 4457 462 4516; x_wconf 90' lang='lat' dir='ltr'>in</span> <span class='ocrx_word' id='word_1_300' title='bbox 488 4455 652 4516; x_wconf 84' lang='lat' dir='ltr'>domiuica</span> <span class='ocrx_word' id='word_1_301' title='bbox 692 4454 866 4532; x_wconf 82' lang='lat' dir='ltr'>luvocavir,</span> <span class='ocrx_word' id='word_1_302' title='bbox 901 4454 941 4515; x_wconf 87' lang='lat' dir='ltr'>ab</span> <span class='ocrx_word' id='word_1_303' title='bbox 974 4452 1162 4513; x_wconf 90' lang='lat' dir='ltr'>hominibus</span> <span class='ocrx_word' id='word_1_304' title='bbox 1186 4451 1225 4512; x_wconf 90' lang='lat' dir='ltr'>de</span> <span class='ocrx_word' id='word_1_305' title='bbox 1251 4451 1395 4533; x_wconf 88' lang='lat' dir='ltr'>Zyschan</span> <span class='ocrx_word' id='word_1_306' title='bbox 1422 4451 1485 4511; x_wconf 90' lang='lat' dir='ltr'>emi</span> 
     </span>
     <span class='ocr_line' id='line_1_39' title="bbox 222 4560 609 4645; baseline -0.003 -22"><span class='ocrx_word' id='word_1_307' title='bbox 222 4563 398 4645; x_wconf 88' lang='lat' dir='ltr'>pisces...</span> <span class='ocrx_word' id='word_1_308' title='bbox 431 4562 489 4623; x_wconf 87' lang='lat' dir='ltr'>sol.</span> <span class='ocrx_word' id='word_1_309' title='bbox 517 4560 609 4623; x_wconf 89' lang='lat' dir='ltr'>Lllll.</span> 
     </span>
    </p>

    <p class='ocr_par' dir='ltr' id='par_1_23' title="bbox 328 4663 1483 4751">
     <span class='ocr_line' id='line_1_40' title="bbox 328 4663 1483 4751; baseline -0.008 -21"><span class='ocrx_word' id='word_1_310' title='bbox 328 4670 405 4732; x_wconf 89' lang='lat' dir='ltr'>Item</span> <span class='ocrx_word' id='word_1_311' title='bbox 431 4668 563 4751; x_wconf 87' lang='lat' dir='ltr'><strong>quando</strong></span> <span class='ocrx_word' id='word_1_312' title='bbox 587 4666 763 4729; x_wconf 85' lang='lat' dir='ltr'>familiares</span> <span class='ocrx_word' id='word_1_313' title='bbox 786 4666 910 4727; x_wconf 89' lang='lat' dir='ltr'>domini</span> <span class='ocrx_word' id='word_1_314' title='bbox 934 4678 1089 4727; x_wconf 85' lang='lat' dir='ltr'>venerant</span> <span class='ocrx_word' id='word_1_315' title='bbox 1120 4665 1160 4726; x_wconf 94' lang='lat' dir='ltr'>de</span> <span class='ocrx_word' id='word_1_316' title='bbox 1184 4663 1336 4742; x_wconf 84' lang='lat' dir='ltr'>exercitu,</span> <span class='ocrx_word' id='word_1_317' title='bbox 1359 4675 1391 4723; x_wconf 92' lang='lat' dir='ltr'>et</span> <span class='ocrx_word' id='word_1_318' title='bbox 1414 4680 1483 4743; x_wconf 85' lang='lat' dir='ltr'>pre·</span> 
     </span>
    </p>
   </div>
   <div class='ocr_carea' id='block_1_2' title="bbox 222 4769 1419 4920">
    <p class='ocr_par' dir='ltr' id='par_1_24' title="bbox 222 4769 1419 4920">
     <span class='ocr_line' id='line_1_41' title="bbox 222 4769 1419 4920; baseline -0.007 -82"><span class='ocrx_word' id='word_1_319' title='bbox 222 4791 308 4839; x_wconf 84' lang='lat' dir='ltr'>terea</span> <span class='ocrx_word' id='word_1_320' title='bbox 332 4776 434 4837; x_wconf 84' lang='lat' dir='ltr'>eciam</span> <span class='ocrx_word' id='word_1_321' title='bbox 458 4775 534 4836; x_wconf 90' lang='lat' dir='ltr'>dedi</span> <span class='ocrx_word' id='word_1_322' title='bbox 559 4774 680 4837; x_wconf 88' lang='lat' dir='ltr'>Iacobo</span> <span class='ocrx_word' id='word_1_323' title='bbox 705 4771 884 4856; x_wconf 82' lang='lat' dir='ltr'>Pergarych</span> <span class='ocrx_word' id='word_1_324' title='bbox 902 4821 909 4835; x_wconf 94' lang='lat'>.</span> <span class='ocrx_word' id='word_1_325' title='bbox 927 4819 959 4834; x_wconf 92' lang='lat'>..</span> <span class='ocrx_word' id='word_1_326' title='bbox 983 4771 1043 4836; x_wconf 86' lang='lat' dir='ltr'>sol.</span> <span class='ocrx_word' id='word_1_327' title='bbox 1067 4769 1129 4834; x_wconf 76' lang='lat'>111⁰.</span> <span class='ocrx_word' id='word_1_328' title='bbox 1400 4857 1419 4920; x_wconf 73' lang='lat'>8</span> 
     </span>
     <span class='ocr_line' id='line_1_42' title="bbox 1383 4878 1393 4920; baseline 0 0"><span class='ocrx_word' id='word_1_329' title='bbox 1383 4878 1393 4920; x_wconf 82' lang='grc' dir='ltr'><strong>ι</strong></span> 
     </span>
    </p>
   </div>
   <div class='ocr_carea' id='block_1_3' title="bbox 0 0 1718 5256">
    <p class='ocr_par' dir='ltr' id='par_1_25' title="bbox 0 0 1718 5256">
     <span class='ocr_line' id='line_1_43' title="bbox 0 0 1718 5256; baseline 0 2"><span class='ocrx_word' id='word_1_330' title='bbox 0 0 1718 5256; x_wconf 95' lang='lat' dir='ltr'> </span> 
     </span>
    </p>
   </div>
  </div>
 </body>
</html>
