3428 5256
811 1296 891 1376 Vll.

221 1548 325 1622 Anno
361 1545 470 1622 1513.
500 1546 740 1621 Inventarium
760 1569 823 1620 are
851 1546 960 1620 beate
980 1545 1141 1619 Barbare
1160 1543 1309 1642 virginis
1334 1551 1376 1620 et
1397 1568 1503 1624 mar·

222 1671 300 1746 tiris
330 1693 372 1745 ac
401 1669 583 1768 prebende
612 1669 657 1743 de
687 1669 867 1743 maccellis
896 1692 961 1767 per
990 1676 1224 1743 executorem
1253 1667 1410 1743 condam
1432 1671 1503 1772 Jo-

222 1793 422 1869 hormisde
460 1792 590 1883 Pades,
629 1792 872 1889 prebendarii,
912 1792 1056 1867 dommo
1096 1791 1249 1867 Martino
1288 1790 1333 1865 de
1364 1791 1504 1872 Brinio

424 1916 628 1990 successori
657 1915 817 1990 eiusdem
842 1914 1013 2015 Iohannis
1042 1915 1280 2014 assIgnatum.

327 2161 405 2224 Item
430 2162 535 2243 pslmo
560 2161 623 2222 due
652 2180 761 2222 mense
787 2180 902 2241 magne

329 2268 400 2330 Una
424 2268 534 2329 tabula
559 2287 668 2329 mense
694 2287 767 2328 cum
793 2268 938 2349 pedibus.

328 2373 437 2435 Unum
462 2393 517 2433 vas
541 2373 606 2433 vini
632 2373 834 2434 cubulorum.
861 2374 925 2436 LV.
949 2373 988 2434 de
1013 2375 1142 2456 proprisi
1167 2375 1270 2436 vinea.

329 2479 402 2540 Duo
427 2479 556 2539 vascula
579 2480 671 2557 acen,
698 2479 803 2560 plena.

328 2586 419 2647 Unus
442 2605 497 2645 vas
521 2585 586 2644 vini
612 2585 729 2646 acetosi
755 2604 922 2664 magnum,
947 2605 1048 2667 usque
1074 2586 1290 2648 medietatem.

330 2692 412 2752 Octo
437 2710 511 2751 vasa
535 2691 677 2771 antiqua.

328 2797 467 2859 Scutelle
492 2797 597 2878 lignee
622 2816 736 2876 magne
762 2797 852 2875 XIII,
876 2798 1017 2859 mioores
1041 2818 1168 2861 novem.

327 2903 494 2966 Coclearia
519 2903 626 2982 lignea
652 2903 720 2966 XV.

330 3009 416 3070 Disci
441 3009 582 3070 minores
604 3009 701 3071 XLV.

328 3115 435 3194 Vulgo
460 3115 647 3199 Iakomycze
672 3114 746 3193 due,
772 3135 835 3175 una
860 3116 976 3194 maior,
1001 3117 1139 3178 secunda
1166 3118 1280 3180 mioor.

328 3221 429 3281 VInea
454 3222 536 3283 bene
561 3221 655 3284 culta.

327 3325 457 3387 Thraha
484 3327 585 3388 ferrea
610 3346 683 3389 une.

329 3433 440 3495 Fenile
465 3452 565 3493 unum
590 3452 662 3493 cum
687 3446 768 3494 terra
794 3447 824 3495 et
847 3433 935 3494 aliud
954 3432 1050 3496 fenile
1074 3454 1147 3496 cum
1174 3435 1267 3496 certis
1291 3433 1392 3495 terrio.

327 3540 404 3600 Tria
428 3538 608 3620 pulvinaria
621 3552 653 3600 et
677 3539 741 3599 duo
759 3539 874 3600 cussIni
899 3559 971 3600 cum
989 3540 1220 3621 cooperotoriis
1237 3541 1390 3622 Ipsorum,
1408 3539 1488 3601 satis

223 3646 346 3707 usitata.

329 3750 477 3813 Cervical
502 3770 602 3811 unum
628 3770 700 3812 cum
729 3752 934 3833 coopertorio
957 3770 1026 3814 suo.

330 3857 461 3938 Sponde
486 3857 560 3922 due.

331 3963 475 4025 Seccuris
500 3983 562 4024 una
588 3983 714 4044 magna.

330 4068 438 4130 Unum
464 4069 605 4131 mensale
630 4069 798 4151 antiquum
824 4083 855 4131 et
880 4070 945 4131 duo
969 4071 1168 4152 manutergio
1194 4090 1289 4134 novo.

330 4174 478 4247 Quatuor
502 4175 599 4253 dolia,
624 4175 690 4236 duo
715 4195 798 4237 novn
823 4189 853 4237 et
882 4176 947 4237 duo
971 4176 1116 4259 nntIqua.

331 4280 470 4360 LIgones
494 4294 641 4362 quatuor.

330 4385 490 4447 Scrinium
516 4406 616 4448 unum
642 4407 795 4469 magnum
828 4388 869 4451 ad
893 4387 1149 4450 conservandum
1174 4385 1381 4452 frumentum.

330 4490 449 4552 Sedilia
475 4492 533 4553 tria
558 4506 588 4554 et
612 4512 712 4555 unum
738 4513 940 4578 scampnum.

329 4596 480 4679 Schaphii
505 4598 582 4678 duo,
606 4618 707 4661 unum
732 4602 868 4681 bonum,
891 4599 980 4663 eliud
1003 4599 1185 4683 antiquum.

330 4702 438 4764 Thine
463 4703 537 4782 due,
564 4724 627 4766 uno
651 4704 747 4786 valet,
770 4706 834 4770 alin
859 4705 974 4769 usitato
997 4718 1055 4771 est.
