3428 5256
791 1400 877 1480 XV.

206 1649 311 1725 Anno
331 1648 476 1725 Domini
501 1647 612 1726 1521.
634 1649 873 1727 Inventarium
893 1673 956 1727 are
977 1652 1094 1727 sancti
1113 1650 1268 1727 Emerici
1297 1652 1409 1739 ducis,
1439 1654 1473 1727 in

207 1774 362 1849 ecclesia
381 1773 582 1850 kathedrali
601 1774 833 1872 zagrabiensi
852 1774 1001 1851 fundate
1020 1776 1116 1851 circa
1144 1797 1249 1852 unam
1271 1775 1472 1851 columnam

206 1897 358 1974 mediam
387 1920 502 1997 prope
541 1921 639 1974 aram
678 1904 805 1974 sancte
838 1896 1036 1975 Katherine
1064 1899 1225 1998 virginis,
1269 1922 1335 1999 per
1365 1921 1472 1974 vene·

209 2022 358 2097 rabilem
387 2021 567 2097 dominum
596 2023 807 2122 magistrum
841 2023 1047 2100 Ladislaum
1086 2024 1131 2100 de
1161 2021 1385 2116 Gerzenche‚
1414 2046 1473 2099 ca·

207 2147 373 2221 nonicum
402 2146 558 2222 ecclesia
594 2145 844 2246 zagrabiensis
881 2147 1055 2247 predicte,
1090 2148 1136 2223 ad
1165 2170 1291 2223 manus
1319 2146 1473 2222 honora-

206 2269 285 2345 bilis
314 2269 446 2345 domini
465 2269 636 2346 Anthonii
664 2271 710 2346 de
739 2270 867 2347 eadem
888 2269 1109 2364 Gerzencze,
1129 2271 1283 2347 rectoris
1313 2270 1474 2346 eiusdem

206 2416 269 2469 are
299 2394 415 2469 sancti
445 2392 599 2470 Emerici
628 2394 729 2470 ducis
767 2394 889 2471 datum
917 2403 956 2470 et
993 2395 1228 2492 assignatum,
1257 2401 1298 2469 ut
1324 2399 1475 2494 propter

206 2517 275 2592 hoc
304 2525 428 2592 rector
455 2517 568 2617 ipsius
597 2541 660 2594 are
689 2542 755 2618 pro
784 2527 950 2614 tempore
979 2519 1141 2594 existens
1169 2526 1251 2593 oret
1280 2526 1318 2593 et
1346 2517 1472 2617 depre-

207 2648 311 2716 cetur
329 2641 435 2716 deum
455 2663 522 2740 pro
543 2641 661 2717 anima
680 2642 766 2718 dicti
787 2642 919 2717 domini
935 2642 1100 2742 magistri
1121 2636 1282 2718 Ladislai
1298 2641 1472 2716 canonici.

411 2886 614 2968 Sequitur
638 2887 774 2969 igitur
797 2901 998 2970 quantum
1026 2887 1074 2948 ad
1099 2886 1274 2950 domum.

313 3027 391 3090 Item
423 3029 529 3111 primo
561 3042 666 3092 rector
698 3029 841 3091 eiusdem
875 3048 928 3091 are
959 3029 1059 3090 sancti
1093 3028 1233 3090 Emerici
1263 3027 1353 3089 ducis
1376 3026 1474 3089 habet

208 3154 304 3196 unam
329 3134 463 3197 domum
488 3137 607 3197 bonum
625 3149 657 3198 et
672 3135 828 3219 optimam
850 3134 1044 3219 lapidibuso
1071 3133 1282 3196 fundamento
1308 3146 1467 3195 muratam

208 3241 240 3302 in
263 3241 335 3303 vico
360 3241 564 3324 prepositure
588 3242 667 3303 olins
690 3242 834 3303 Abbacis
857 3256 983 3319 vocato,
1007 3239 1140 3302 ecclesie
1165 3242 1256 3301 bente
1282 3239 1383 3301 Marie
1407 3239 1471 3300 vir·

207 3346 303 3428 ginis,
327 3366 400 3408 curn
424 3346 543 3409 celorio
567 3348 787 3426 subterraneo,
812 3347 843 3408 in
866 3366 938 3408 area
962 3345 1140 3428 Cupitulnri
1166 3344 1378 3426 zsgrabiensi‚
1402 3363 1466 3425 que

208 3452 305 3515 habet
328 3453 443 3514 domos
467 3451 636 3515 inferiores
663 3468 812 3536 quatuor,
829 3453 1010 3535 superiores
1026 3472 1102 3514 vero
1127 3453 1166 3513 de
1183 3451 1273 3533 ligno
1299 3450 1469 3513 fabricatas

207 3571 239 3620 et
262 3558 443 3642 dispositas,
467 3562 594 3621 stubam
618 3560 780 3639 videlicet,
804 3561 981 3643 pretorium
1005 3579 1041 3621 ac
1065 3579 1236 3623 cameram.

313 3665 391 3728 ltem
410 3685 473 3727 una
491 3666 576 3727 bona
593 3667 687 3728 vinea
704 3666 850 3729 Berchko
867 3679 979 3728 vocata
996 3666 1028 3727 in
1045 3666 1270 3748 promontorio
1291 3665 1474 3749 Laschyna,

207 3775 288 3835 bene
313 3773 409 3851 culta,
433 3791 506 3834 curn
532 3792 618 3833 novo
642 3772 761 3834 celario
784 3792 882 3854 penes
914 3771 1063 3849 eandem,
1094 3784 1126 3833 et
1148 3773 1208 3833 sub
1232 3771 1326 3833 vinea
1351 3772 1472 3833 habens

207 3900 307 3944 unum
334 3878 442 3958 fenile,
467 3898 562 3962 supra
587 3898 664 3941 vero
688 3879 815 3941 vineam
840 3879 903 3940 due
927 3879 1011 3940 diete
1035 3891 1126 3942 terre.

311 3985 390 4048 ltem
415 4004 515 4046 unum
541 3984 735 4047 torcularet
758 3984 828 4046 cadi
852 3999 926 4064 tres,
950 3985 1104 4067 scaphum
1129 4002 1230 4045 unum
1254 4003 1313 4065 pro
1338 4003 1466 4046 mensu·

205 4093 335 4156 racione
360 4090 438 4156 vini.

311 4198 389 4261 ltem
415 4218 489 4260 vasa
513 4217 613 4259 vacua
638 4197 761 4262 decem.

311 4305 389 4368 ltern
407 4304 548 4387 spondas
573 4304 663 4382 duas,
680 4323 817 4385 quarum
831 4323 895 4365 una
908 4317 955 4365 est
970 4303 1129 4366 subducta
1148 4317 1220 4366 cute
1236 4316 1268 4366 et
1283 4302 1382 4365 altera
1394 4301 1470 4366 tela.

310 4410 389 4473 ltem
413 4410 593 4495 pulvinaria
617 4410 678 4473 tria
702 4429 775 4472 cum
800 4430 863 4471 una
887 4409 1019 4471 culcitra
1043 4409 1181 4491 simplici
1207 4424 1239 4472 et
1262 4409 1388 4473 usitato.

310 4517 388 4579 ltem
421 4531 549 4580 centena
579 4529 713 4580 stannea
746 4529 895 4598 quatuor,
926 4535 1010 4577 unus
1044 4516 1187 4578 continet
1210 4534 1309 4578 unam
1333 4515 1468 4597 pinnam,

203 4621 269 4685 duo
293 4623 461 4686 continent
483 4643 540 4706 per
557 4623 698 4685 medium
714 4623 838 4706 pinnam
856 4633 887 4682 et
903 4635 1036 4703 quartus
1052 4621 1196 4685 continet
1208 4640 1308 4683 unum
1325 4621 1465 4682 terciole.

307 4726 385 4791 Item
408 4727 542 4793 scutelle
566 4727 705 4792 maiores
727 4726 792 4792 due
815 4740 849 4789 et
878 4725 1021 4788 minores
1052 4727 1200 4790 similiter
1224 4726 1298 4808 due,
1321 4738 1465 4790 stannee.

306 4833 386 4898 ltern
408 4833 488 4898 disci
510 4834 637 4898 stannei
659 4853 725 4899 sex.
1371 4928 1392 4970 ⁸
