3428 5256
546 1370 675 1475 (Anno
704 1369 860 1459 Domini
888 1367 1040 1471 moll.)

153 1783 240 1859 ltem
270 1785 304 1859 in
333 1806 426 1858 anno
458 1781 601 1858 Domini
631 1781 818 1856 millesimo
839 1780 1129 1879 quingentesimo
1159 1787 1300 1878 quarto,
1321 1786 1411 1855 tem-

152 1930 241 2007 pore
270 1907 438 1982 videlicet
467 1905 614 1981 secundi
634 1904 815 2002 judicatus
836 1904 1086 2002 circumspecti
1117 1912 1154 1980 et
1181 1903 1325 1978 honesti
1346 1903 1410 1977 viri

152 2031 305 2107 Emerici
336 2031 512 2106 Mikwlich
538 2029 597 2105 lilii
628 2028 814 2119 Demetrii,
844 2028 1004 2102 moderni
1034 2026 1158 2114 iudicis
1188 2029 1313 2117 nostri,
1334 2050 1412 2125 pre·

154 2178 239 2230 sens
269 2164 479 2254 quaternum
510 2163 568 2229 est
597 2153 839 2253 conscriptum
861 2151 953 2226 feria
980 2160 1109 2250 quarta
1138 2153 1301 2251 proxima
1329 2161 1415 2226 ante

462 2278 693 2353 dominicam:
722 2275 877 2351 Domine
905 2299 949 2350 ne
976 2275 1098 2374 longe.

260 2524 357 2599 Quod
384 2525 460 2605 quia
485 2543 544 2585 nos
567 2523 784 2585 communitas
817 2523 1097 2603 Montisgrecensis
1129 2523 1292 2604 quoddam
1318 2522 1416 2584 fenile

158 2645 314 2708 nostrum,
340 2650 486 2712 parvum,
509 2629 745 2705 condicionale,
771 2628 833 2710 jam
863 2629 998 2688 liberum
1033 2629 1064 2688 in
1088 2648 1202 2709 campo
1228 2642 1336 2689 nostro
1361 2648 1417 2689 seu

154 2737 291 2797 civitatis
316 2735 435 2816 pretate
462 2736 543 2797 inter
574 2750 690 2797 terram
722 2735 891 2796 arrabilem
925 2735 1043 2815 egregii
1078 2734 1200 2795 domini
1227 2734 1418 2796 Balthasaris

157 2843 249 2923 Alapi
284 2857 314 2902 et
346 2841 476 2903 domine
512 2841 697 2916 Katherioe,
729 2843 769 2901 ab
801 2840 993 2901 occidentali
1027 2855 1127 2921 parte,
1160 2855 1189 2900 et
1214 2840 1295 2901 inter
1320 2839 1416 2901 fenile

156 2948 321 3029 prudentis
354 2962 385 3009 et
416 2948 636 3030 circumspecti
669 2948 727 3007 viri
762 2947 890 3024 literati,
915 2946 1014 3007 nostri
1050 2945 1195 3008 moderni
1228 2944 1354 3026 judicis,
1377 2947 1417 3006 ab

155 3053 264 3129 altera,
283 3053 432 3114 videlicet
450 3054 653 3114 meridionali
679 3068 779 3134 parte,
803 3066 833 3113 et
858 3053 939 3113 inter
960 3068 1075 3113 terram
1100 3051 1270 3112 amabilem
1295 3070 1417 3112 succes·

154 3178 262 3220 sorum
288 3159 423 3219 condam
450 3159 581 3220 domine
607 3159 687 3220 Nesa
713 3173 839 3236 vocate,
871 3159 980 3219 relicte
1013 3157 1150 3218 condam
1178 3157 1302 3218 Nicolai
1327 3158 1417 3218 insti-

155 3265 243 3341 toris,
268 3285 284 3325 a
310 3279 397 3345 parte
422 3265 686 3345 septemtrionali,
711 3285 728 3325 a
754 3280 842 3346 parte
867 3284 943 3324 vero
976 3263 1125 3325 orientali
1148 3263 1200 3334 via
1225 3262 1418 3339 communis,

157 3370 300 3432 habitum
327 3384 357 3432 et
382 3371 528 3446 existens,
552 3370 647 3431 simul
673 3389 744 3431 cum
767 3371 919 3431 omnibus
936 3369 1078 3430 eiusdem
1098 3367 1204 3429 lenilis
1229 3369 1419 3430 utilitatibus

156 3475 280 3558 prelato
307 3476 454 3537 Enterico
480 3476 637 3537 moderno
661 3475 759 3556 judici
785 3491 894 3537 nostro
918 3497 954 3537 ac
978 3494 1033 3556 per
1059 3493 1133 3535 eum
1157 3475 1222 3535 suis
1246 3474 1419 3535 heredibus

156 3583 268 3644 omnio
301 3583 532 3660 libertavirnus,
565 3582 731 3659 dedimus,
763 3581 956 3644 donavimus
987 3596 1017 3642 et
1049 3581 1293 3663 propinavimus
1321 3581 1419 3662 possi-

158 3687 314 3764 dendum,
338 3689 513 3749 tenendum
540 3688 657 3769 pariter
682 3703 712 3750 et
741 3688 923 3749 habendum
950 3688 1017 3766 jure
1044 3688 1264 3762 irrevocabili,
1289 3687 1418 3748 demum

157 3792 217 3854 hiis
241 3793 358 3855 habitis
383 3794 501 3854 ibidem
528 3813 635 3855 coram
661 3795 755 3855 nobis
780 3796 990 3876 personaliter
1022 3793 1185 3855 constituti
1212 3793 1337 3853 honesti
1362 3792 1419 3852 viri

157 3901 357 3979 Augustinus
381 3915 481 3960 sartor
505 3914 536 3961 et
562 3900 698 3962 Michael
724 3900 930 3962 Bednuchich
958 3917 1144 3962 executores
1168 3900 1348 3961 testamenti
1375 3920 1421 3961 re·

156 4005 230 4066 licte
255 4006 392 4066 condam
413 4006 544 4067 domine
563 4007 656 4083 Nesa,
682 4007 807 4068 Nicolai
826 4008 990 4084 institoris,
1015 4007 1177 4088 quandam
1203 4022 1318 4068 terram
1337 4026 1420 4068 arra·

157 4111 255 4173 bilem
281 4112 401 4193 prefate
426 4112 557 4174 domine
586 4114 669 4175 Nesa
703 4128 814 4175 vocate
850 4115 1035 4196 contiguam
1070 4129 1100 4175 et
1125 4115 1325 4175 convicinam
1353 4133 1421 4195 pre·

157 4217 243 4279 dicto
269 4216 356 4280 lenili
382 4240 398 4280 a
425 4220 629 4281 meridionali
655 4235 685 4281 et
709 4221 749 4282 ab
774 4221 964 4282 occidentali
994 4221 1147 4302 partibus,
1172 4239 1208 4281 ac
1234 4221 1317 4282 inter
1342 4221 1422 4282 duas

161 4324 228 4386 vias
252 4344 452 4403 communes,
476 4345 574 4386 unam
599 4347 615 4386 a
640 4327 896 4408 septemtrionali
925 4342 955 4388 et
987 4327 1082 4387 aliam
1117 4328 1156 4387 ab
1181 4328 1329 4388 orientali
1354 4347 1422 4408 par·

159 4431 245 4494 tibus
269 4432 410 4493 habitam
444 4446 474 4493 et
505 4417 705 4510 existeniem,
736 4448 798 4496 tres
830 4433 931 4495 dietas
964 4449 1044 4495 terre
1079 4434 1109 4493 in
1135 4454 1167 4494 se
1192 4435 1423 4496 continentemi

158 4537 283 4620 prelato
310 4539 457 4600 Emerico
483 4539 621 4617 literato,
653 4539 751 4617 judici
777 4541 946 4618 moderno,
970 4559 1028 4621 pro
1064 4540 1192 4601 duobus
1215 4540 1284 4603 flor.
1310 4540 1422 4622 prelat,

158 4658 345 4706 executores
369 4644 532 4706 dedissent
557 4658 588 4707 et
610 4646 831 4723 contulissent,
856 4646 956 4707 immo
973 4644 1131 4707 dederunt
1155 4661 1185 4707 et
1210 4646 1426 4709 vendiderunt

159 4748 227 4833 jure
252 4766 408 4833 perpetuo
432 4751 681 4834 possidendam
705 4752 756 4814 cui
781 4751 854 4814 dete
879 4767 926 4814 est
950 4751 1041 4814 litera
1066 4751 1287 4834 privilegialis.

1317 4841 1339 4906 o
