3428 5256
250 238 268 297 6
778 236 981 314 Ann01472.

249 455 332 514 dicta
354 451 482 513 civitate
506 464 537 512 et
560 451 643 511 inter
667 448 785 510 fundos
812 450 852 509 ab
885 466 959 525 una,
993 446 1145 508 videlicet
1177 445 1327 509 orientali
1352 461 1445 529 parte
1474 467 1527 511 ec·

249 558 344 620 clesie
368 576 423 617 seu
455 556 579 638 capelle
613 556 704 615 beate
738 553 913 615 Katherine
944 552 1078 633 virginis
1112 566 1143 613 et
1178 552 1319 614 martiris
1344 550 1527 633 Christi,a

249 676 338 748 parte
362 683 439 724 vero
464 661 655 723 occidentali
682 662 764 723 inter
788 658 923 721 fundum
947 659 1006 720 viri
1031 658 1168 720 condam
1195 658 1323 741 providi
1350 658 1527 723 Michaelis

251 770 423 832 Teutonici
457 767 716 830 Mothonhawser
749 767 822 827 dicti
848 766 990 826 habitam
1024 778 1054 826 et
1078 764 1278 842 existentem,
1305 763 1385 826 duas
1410 765 1521 827 curias

250 875 419 958 integrales
435 874 474 935 ad
493 894 585 936 usum
604 872 739 934 civitatis
757 870 877 953 prefate
902 872 934 932 in
953 891 986 931 se
1010 871 1242 949 continentem,
1262 871 1365 953 ipsum
1391 870 1521 933 scilicet

250 982 433 1043 Dionisium
460 979 628 1062 Sypchych
653 999 670 1040 a
695 978 833 1039 condam
858 977 992 1059 provida
1017 991 1047 1038 et
1076 975 1209 1037 honesta
1235 975 1369 1038 muliere
1395 976 1518 1039 Vrsula

250 1102 360 1149 vocata
394 1086 501 1148 relicta
528 1086 584 1146 viri
610 1084 746 1146 condam
773 1083 897 1165 providi
923 1098 955 1144 et
984 1083 1107 1144 honesti
1135 1082 1254 1144 Matbie
1280 1082 1412 1144 sartoris
1435 1082 1521 1145 olim

248 1194 341 1273 jurati
360 1208 390 1253 et
415 1192 555 1252 concivis
581 1191 689 1267 nostri,
714 1190 770 1251 lilii
795 1189 959 1270 Stephani,
977 1188 1054 1249 olim
1073 1187 1220 1249 similiter
1244 1188 1378 1249 concive
1396 1202 1521 1269 nostra,

249 1314 316 1360 tum
342 1317 400 1379 pro
423 1297 562 1379 quadam
588 1298 649 1357 alia
676 1297 775 1357 domo
799 1316 854 1357 sua
881 1295 1134 1377 permutacionis
1162 1294 1267 1372 titulo,
1291 1312 1389 1375 quam
1413 1295 1519 1357 eciam

249 1425 306 1487 pro
331 1399 553 1465 additamento
578 1403 689 1464 decem
714 1402 782 1464 flor.
810 1403 876 1463 auri
913 1401 1088 1462 literatorie
1122 1413 1306 1481 tangentem
1331 1414 1363 1463 et
1386 1420 1520 1463 concer-

249 1524 390 1587 nentem,
427 1524 522 1592 prout
553 1509 614 1570 hoc
647 1510 677 1570 in
708 1510 848 1590 quadam
882 1508 971 1569 litera
1005 1520 1112 1568 nostra
1146 1527 1202 1569 seu
1235 1506 1372 1570 civitatis
1394 1506 1520 1589 prefate

249 1616 439 1698 privilegiali
465 1630 610 1697 tempore
635 1615 786 1676 videlicet
810 1614 968 1694 judicatus
993 1614 1050 1673 viri
1083 1613 1212 1696 providi
1239 1628 1270 1677 et
1293 1614 1518 1697 circumspecti
1618 1596 1622 1603 ¹

249 1723 404 1784 Anthonii
438 1722 572 1783 senioris
606 1722 720 1803 judicis
751 1738 781 1781 et
813 1720 955 1781 concivis
985 1720 1085 1780 nostri
1117 1718 1175 1780 lilii
1207 1719 1336 1781 Thome
1365 1719 1405 1782 de
1429 1739 1519 1783 anno

249 1830 380 1891 Domini
406 1829 580 1890 millesimo
606 1828 927 1909 quadringentesimo
959 1827 1159 1907 sexagesimo
1184 1827 1290 1909 primo
1315 1826 1394 1889 feria
1417 1829 1518 1891 tercia

248 1937 393 2018 proxima
418 1949 490 1996 ante
516 1934 631 1995 festum
658 1936 825 1995 beatorum
850 1933 989 2015 Philippi
1015 1946 1046 1995 et
1064 1934 1174 1994 lacobi
1201 1933 1434 2016 apostolorum,
1458 1934 1517 1996 ali·

247 2041 404 2122 quamdiu
429 2040 597 2122 preteritis,
622 2060 679 2121 pro
713 2053 800 2121 parte
834 2039 933 2120 ipsius
959 2039 1105 2121 Dyonisii
1138 2038 1307 2123 Sypchych
1340 2040 1515 2121 superinde

249 2148 393 2210 conlecta
418 2162 448 2209 et
472 2162 618 2209 emanata
644 2168 680 2207 ac
704 2166 810 2207 coram
845 2147 938 2207 nobis
963 2147 993 2208 in
1018 2148 1123 2228 specie
1156 2146 1300 2210 exhibita
1325 2161 1356 2209 et
1380 2146 1517 2209 demon·

248 2270 344 2317 strata
370 2254 430 2315 lide
455 2254 611 2315 contineri
637 2254 776 2314 vidimus
801 2253 937 2331 oculata,
970 2254 1065 2313 simul
1091 2272 1163 2314 cum
1188 2254 1341 2316 omnibus
1368 2253 1514 2317 eiusdem

248 2362 365 2423 domus
378 2381 433 2422 sue
448 2374 581 2437 murare,
607 2360 763 2439 lundique
777 2374 808 2420 et
824 2358 1057 2435 hediliciorum,
1072 2358 1151 2419 duas
1169 2373 1202 2420 ut
1222 2360 1400 2441 predicitur
1413 2360 1519 2422 curias

248 2468 417 2547 integrales
440 2467 480 2527 ad
499 2486 592 2527 usum
617 2466 699 2527 dicte
717 2466 851 2526 civitatis
870 2466 900 2525 in
929 2486 962 2525 se
979 2466 1209 2544 continentem,
1234 2466 1320 2547 (cum
1345 2465 1512 2549 omnibus)

249 2574 449 2650 utilitatibus,
475 2572 607 2649 juribus,
633 2573 753 2649 usibus,
778 2570 1072 2648 fructuositatibus,
1102 2571 1342 2651 integritatibus
1366 2587 1397 2634 et
1419 2574 1518 2655 perti·

248 2682 369 2740 nenciis
395 2679 551 2741 universis
575 2678 713 2739 claustro
738 2698 793 2739 seu
819 2678 1015 2740 monasterio
1032 2678 1166 2739 ecclesie
1184 2679 1270 2739 beati
1295 2679 1421 2741 Nicolai
1439 2700 1517 2742 con·

247 2787 375 2848 sessoris
400 2786 554 2865 Zagrabie
580 2800 764 2846 constructo
793 2799 824 2845 et
849 2784 993 2862 fundate,
1018 2798 1048 2845 et
1066 2805 1121 2866 per
1138 2803 1340 2867 consequens
1366 2784 1517 2849 fratribus

248 2892 393 2953 eiusdem
418 2892 546 2952 claustri
572 2912 627 2951 seu
661 2892 847 2951 monasterii
881 2891 1014 2952 ecclesie
1048 2892 1130 2952 beati
1163 2892 1288 2953 Nicolai
1314 2892 1519 2966 confessoris,

248 2998 372 3059 ordinis
397 2998 649 3074 Predicatorum,
673 2998 703 3057 in
729 2998 843 3058 eodem
871 2998 939 3059 lieo
976 2997 1091 3077 jugiter
1123 2996 1364 3077 famulantibus,
1388 3018 1516 3081 presen-

247 3104 333 3165 tibus
357 3117 386 3164 et
412 3102 536 3179 suturis,
562 3122 619 3183 pru
645 3104 880 3183 quinquaginta
905 3104 1032 3165 duobus
1055 3102 1124 3165 flor.
1149 3104 1217 3165 auri
1243 3125 1299 3187 per
1327 3105 1515 3186 religiosum

249 3225 278 3271 et
304 3209 373 3269 Deo
392 3209 544 3269 devotum
563 3209 666 3269 virum
684 3208 811 3269 fratrem
832 3209 1022 3271 Michaelem
1039 3230 1126 3273 sacre
1144 3211 1327 3293 Theologie
1350 3213 1515 3292 lectorem,

248 3317 453 3398 prioremque
479 3315 623 3375 eiusdem
649 3315 777 3375 claustri
810 3336 865 3376 seu
899 3318 1083 3379 monasterii
1117 3320 1249 3380 ecclesie
1275 3321 1361 3382 beati
1388 3320 1513 3381 Nicolai

248 3420 452 3495 confessoris,
486 3420 609 3501 prelato
644 3421 801 3503 llvunisio
835 3422 1023 3507 Sypchych,
1055 3440 1150 3505 prout
1183 3426 1249 3507 ipse
1282 3427 1375 3487 nobis
1407 3425 1515 3489 retulit

249 3529 310 3588 iam
337 3529 431 3609 plene
456 3527 538 3588 datis
571 3542 600 3588 et
634 3528 804 3608 persolutis
835 3529 1031 3591 vendidisset
1063 3545 1095 3592 et
1127 3532 1325 3607 contulisset,
1351 3532 1451 3592 immo
1476 3553 1512 3593 ex

249 3654 405 3695 consensu
432 3648 540 3694 nostro
566 3648 595 3693 et
628 3634 851 3695 universorum
886 3636 1003 3696 civium
1039 3636 1122 3699 dicte
1147 3637 1283 3698 civitatis
1315 3637 1459 3699 vendidit
1484 3656 1514 3702 et

248 3740 384 3799 coticulit
409 3758 516 3799 coram
543 3741 635 3799 uobis
660 3740 727 3817 jure
753 3756 908 3823 perpetuo
934 3755 964 3803 et
996 3743 1247 3804 irrevocabiliter
1272 3742 1511 3825 possidendam,

249 3845 421 3905 tenendam
447 3846 563 3925 pariter
587 3862 616 3906 et
643 3846 823 3908 habendam
849 3868 884 3909 ac
906 3848 992 3927 juxta
1016 3848 1242 3911 condicionem
1268 3850 1351 3911 dicte
1375 3850 1512 3913 civitatis

249 3956 288 4013 ab
321 3953 455 4033 antiquo
488 3954 731 4034 privilegialiter
763 3957 991 4037 approbatam,
1030 3955 1338 4038 quomodocumque
1376 3959 1512 4020 voluerit

250 4060 497 4140 disponendum,
523 4060 564 4119 ita
589 4074 706 4138 tamen,
732 4062 819 4141 quod
845 4062 958 4144 prefati
989 4062 1099 4124 iratres
1123 4061 1246 4123 ordinis
1272 4062 1511 4125 l‘redicatorum

251 4166 281 4225 in
307 4166 422 4225 eodeni
448 4166 586 4226 claustro
618 4187 673 4227 seu
709 4168 905 4230 monasterio
937 4169 1081 4230 eiusdem
1113 4166 1247 4228 ecclesie
1277 4170 1361 4230 beati
1388 4172 1511 4232 Niculai

249 4270 442 4331 currl'essoris
467 4286 628 4352 presentes
653 4288 682 4333 et
708 4272 804 4334 luturi
830 4274 973 4335 eiusdem
1000 4274 1116 4335 domus
1141 4286 1274 4350 mutate,
1300 4276 1458 4358 lundique
1482 4291 1511 4338 et

250 4375 472 4437 hediliciorum
497 4398 555 4458 pru
580 4394 725 4459 tempore
751 4398 960 4459 possessores,
981 4380 1128 4441 universa
1144 4391 1175 4440 et
1198 4380 1343 4459 quelibet
1367 4384 1513 4462 servicia,

251 4502 375 4543 uccnon
402 4498 498 4559 tasas,
533 4484 778 4563 t·igilaturas,et
803 4486 864 4547 alia
897 4501 1078 4569 opportuna
1111 4484 1194 4547 dicte
1217 4484 1355 4549 civitatis
1379 4492 1512 4571 negocia

250 4588 391 4651 adinstar
408 4590 545 4651 aliorum
570 4590 653 4652 ‹licte
671 4592 808 4653 civitatis
830 4592 950 4653 civium
974 4609 1137 4673 peragere,
1152 4590 1345 4675 solvereque
1363 4611 1393 4658 et
1417 4616 1511 4679 expe·

250 4696 317 4759 dire
342 4698 536 4759 tenebuntur
560 4714 717 4783 eruntque
741 4698 895 4781 obligati3
929 4695 990 4759 boc
1022 4696 1125 4761 eciem
1157 4716 1307 4785 expresso
1331 4716 1362 4763 et
1385 4702 1510 4787 specill-
