3428 5256
825 1327 875 1408 X.

243 1561 422 1664 Exposita
449 1585 515 1661 per
541 1561 696 1637 Kemlek
733 1574 820 1662 post
860 1560 983 1638 datam
1012 1563 1196 1637 racionem
1223 1562 1258 1637 in
1287 1560 1467 1661 profesto

504 1686 602 1762 beati
630 1685 831 1778 Benedicti,
858 1687 894 1761 in
922 1686 1056 1761 marcio
1091 1683 1202 1761 1504.

329 1914 438 1976 Primo
463 1914 495 1974 in
520 1913 573 1976 die
590 1915 674 1976 besti
691 1914 776 1977 Petri
805 1914 943 1975 martiris
960 1914 1113 1994 magistro
1129 1912 1257 1975 Thome
1283 1917 1494 1996 carpentario

222 2023 255 2083 in
283 2034 401 2084 sortem
426 2020 655 2082 convencionis
686 2040 742 2082 sue
774 2021 857 2081 circs
890 2034 1114 2102 cooperturam
1142 2020 1295 2097 sacristie‚
1322 2018 1387 2081 dati
1414 2067 1424 2085 .
1450 2068 1460 2086 .
1487 2070 1494 2086 .

223 2127 293 2193 flor.
326 2127 376 2190 lll.

328 2232 443 2295 Eidem
469 2233 501 2293 in
526 2231 669 2314 profesto
694 2233 785 2293 beate
810 2232 935 2294 Helene
958 2233 1078 2314 regine,
1103 2231 1243 2297 dati...
1268 2234 1338 2297 flor.
1362 2231 1397 2294 ll.

328 2340 362 2402 ln
387 2354 498 2401 octava
524 2340 623 2400 sancti
649 2338 789 2401 Ladislai
814 2340 896 2420 regis
920 2339 1073 2420 magistro
1099 2340 1184 2400 Luce
1208 2338 1409 2421 carpentario
1427 2359 1491 2422 pro

223 2448 348 2510 scriniis
372 2446 448 2524 suis,
473 2446 559 2507 iuxta
582 2445 1151 2507 commissionem·Reverendissimi
1184 2444 1307 2506 domini
1333 2445 1494 2529 episcopi,

224 2554 264 2616 ad
289 2553 485 2615 relacionem
509 2551 635 2614 domini
661 2551 785 2614 Alberti
811 2552 976 2634 prepositi,
1000 2552 1065 2613 dati
1083 2599 1091 2616 .
1109 2597 1141 2616 ..
1166 2551 1235 2614 flor.
1258 2550 1328 2615 XX.

330 2659 354 2720 F
358 2659 422 2720 eris
440 2672 552 2739 quarta
570 2670 641 2740 post
665 2657 782 2719 festum
799 2658 883 2718 beati
902 2656 1056 2739 Stephani
1073 2658 1166 2740 regis,
1194 2656 1355 2738 Georgius
1373 2660 1491 2721 castel·

224 2767 318 2829 lanus
348 2764 564 2846 zagrabiensis
595 2765 672 2825 emit
696 2763 871 2825 claviculos
902 2782 960 2845 pro
993 2763 1126 2826 ecclesia
1146 2783 1202 2844 per
1235 2763 1493 2828 milletrecentos

225 2892 283 2957 pro
299 2871 369 2935 flor.
394 2890 535 2934 uno...
565 2869 635 2932 flor.
660 2870 711 2934 lX.

332 2977 474 3040 Domino
508 2975 671 3059 Stephano
705 2977 857 3059 episcopo
891 2975 1083 3052 Rosonensi‚
1115 2975 1171 3056 qui
1196 2975 1344 3037 similiter
1368 2993 1495 3041 emerat

225 3085 402 3147 claviculos
426 3083 540 3144 eodem
574 3083 692 3166 precio,
726 3083 757 3142 in
789 3094 932 3144 totu...
964 3080 1033 3144 flor.
1055 3080 1108 3160 Vt,
1143 3083 1201 3145 sol.
1224 3081 1308 3161 XVI,
1333 3102 1415 3164 quos
1440 3104 1494 3147 re-

225 3192 313 3255 stitui
339 3190 454 3253 eidem.

333 3297 366 3358 ln
392 3293 472 3357 festo
497 3295 581 3357 beati
606 3294 735 3356 Thome
767 3294 903 3377 apostoli
929 3314 946 3355 a
979 3293 1102 3355 famulo
1136 3295 1274 3377 Baptiste
1299 3295 1492 3361 Florentino

229 3416 337 3486 empte
362 3402 456 3464 corde
474 3415 595 3483 septem
613 3422 714 3484 prope
732 3401 879 3463 ulnarum
901 3414 1114 3463 tercentorum
1139 3415 1170 3463 et
1186 3401 1266 3464 ultra
1287 3400 1424 3466 ...flot
1441 3403 1493 3470 lll.

333 3509 449 3570 lterum
486 3508 518 3568 in
551 3506 691 3590 profesto
725 3508 808 3569 beati
841 3507 1004 3569 Valentini
1036 3508 1175 3569 martiris
1206 3508 1279 3570 dedi
1312 3508 1350 3570 sd
1376 3528 1493 3574 manus

228 3616 352 3678 domini
379 3614 564 3677 Goricensis
588 3634 645 3697 pro
671 3615 776 3677 cordis
800 3616 925 3696 magnis
941 3635 997 3698 per
1022 3613 1177 3677 famulum
1196 3614 1308 3698 prefati
1334 3616 1489 3699 Baptiste,

227 3722 318 3784 Bude
343 3721 608 3784 ordinandis...
632 3719 702 3784 flor.
727 3722 780 3784 Xl.

335 3829 393 3891 Die
418 3828 582 3889 dominico
615 3842 687 3911 post
711 3828 872 3891 Ambrosii
906 3828 1059 3909 magistro
1084 3828 1263 3912 Wligango
1287 3850 1345 3914 pro
1371 3831 1490 3894 instru-

228 3950 337 3997 mento
369 3935 408 3996 ad
440 3934 573 3996 modurn
606 3935 784 3996 molendini
816 3935 856 3996 ad
888 3932 1079 3996 trahendum
1105 3939 1281 4000 necessaria
1307 3958 1364 4020 pro
1389 3938 1489 4001 wolta

228 4040 322 4121 iacto,
347 4043 434 4104 iuxta
458 4042 712 4103 convencionem
730 4092 737 4105 .
755 4088 763 4104 .
779 4089 786 4104 .
805 4039 874 4103 flor.
898 4039 961 4105 llll.

898 4146 1031 4209 Summa
1055 4145 1125 4210 flor.
1151 4148 1259 4229 LVlll,
1283 4151 1342 4214 sol.
1364 4150 1447 4216 XVl.

318 4378 536 4459 Magistris
568 4375 781 4459 Gregorio
813 4390 852 4438 et
883 4373 1158 4439 Christoioro
1182 4377 1400 4459 lapicidis.

336 4537 475 4600 Sabbato
501 4551 572 4620 post
596 4536 712 4600 festum
738 4536 940 4600 lnvencioois
962 4550 1069 4599 sancte
1095 4536 1208 4599 Crucis
1232 4537 1384 4617 magistro
1412 4539 1492 4603 Gre-

230 4645 321 4728 gorio
347 4646 377 4706 in
403 4660 520 4707 sortem
545 4645 665 4707 laboris
695 4644 814 4727 gradus
844 4663 938 4727 supra
970 4643 1145 4707 sacristiam
1176 4658 1208 4708 et
1230 4643 1270 4707 ad
1295 4660 1382 4708 extra
1406 4650 1490 4712 circa

231 4752 378 4833 eandem,
403 4771 439 4814 ac
462 4765 565 4815 statue
589 4751 711 4815 ibidem
734 4752 776 4815 de
800 4769 886 4815 novo
909 4763 1086 4816 erecte...
1110 4749 1181 4818 flor.
1203 4751 1242 4817 X.
