<?xml version="1.0" encoding="UTF-8"?>
<!DOCTYPE html PUBLIC "-//W3C//DTD XHTML 1.0 Transitional//EN"
    "http://www.w3.org/TR/xhtml1/DTD/xhtml1-transitional.dtd">
<html xmlns="http://www.w3.org/1999/xhtml" xml:lang="en" lang="en">
 <head>
  <title>
</title>
<meta http-equiv="Content-Type" content="text/html;charset=utf-8" />
  <meta name='ocr-system' content='tesseract 3.04.00' />
  <meta name='ocr-capabilities' content='ocr_page ocr_carea ocr_par ocr_line ocrx_word'/>
</head>
<body>
  <div class='ocr_page' id='page_1' title='image "./monumentahistor02laszgoog_0141.png"; bbox 0 0 3428 5256; ppageno 0'>
   <div class='ocr_carea' id='block_1_1' title="bbox 236 334 967 417">
    <p class='ocr_par' dir='ltr' id='par_1_1' title="bbox 236 334 967 417">
     <span class='ocr_line' id='line_1_1' title="bbox 236 334 967 417; baseline -0.001 -18"><span class='ocrx_word' id='word_1_1' title='bbox 236 354 279 417; x_wconf 89' lang='lat'>90</span> <span class='ocrx_word' id='word_1_2' title='bbox 767 338 853 396; x_wconf 81' lang='lat' dir='ltr'>Anno</span> <span class='ocrx_word' id='word_1_3' title='bbox 875 334 967 413; x_wconf 84' lang='lat'><em>1508.</em></span> 
     </span>
    </p>
   </div>
   <div class='ocr_carea' id='block_1_2' title="bbox 218 547 1502 2644">
    <p class='ocr_par' dir='ltr' id='par_1_2' title="bbox 235 547 1502 1376">
     <span class='ocr_line' id='line_1_2' title="bbox 236 547 1498 633; baseline -0.002 -20"><span class='ocrx_word' id='word_1_4' title='bbox 236 552 291 613; x_wconf 90' lang='lat' dir='ltr'>rici</span> <span class='ocrx_word' id='word_1_5' title='bbox 312 551 440 613; x_wconf 88' lang='lat' dir='ltr'>Therelr</span> <span class='ocrx_word' id='word_1_6' title='bbox 458 551 497 611; x_wconf 93' lang='lat' dir='ltr'>de</span> <span class='ocrx_word' id='word_1_7' title='bbox 523 547 697 633; x_wconf 79' lang='lat' dir='ltr'>Kennygg*</span> <span class='ocrx_word' id='word_1_8' title='bbox 721 551 760 611; x_wconf 96' lang='lat' dir='ltr'>ab</span> <span class='ocrx_word' id='word_1_9' title='bbox 779 551 956 628; x_wconf 90' lang='lat' dir='ltr'>occidente,</span> <span class='ocrx_word' id='word_1_10' title='bbox 980 564 1010 611; x_wconf 92' lang='lat' dir='ltr'>et</span> <span class='ocrx_word' id='word_1_11' title='bbox 1037 550 1118 611; x_wconf 90' lang='lat' dir='ltr'>inter</span> <span class='ocrx_word' id='word_1_12' title='bbox 1146 548 1281 610; x_wconf 92' lang='lat' dir='ltr'>domum</span> <span class='ocrx_word' id='word_1_13' title='bbox 1305 564 1336 612; x_wconf 95' lang='lat' dir='ltr'>et</span> <span class='ocrx_word' id='word_1_14' title='bbox 1361 549 1498 611; x_wconf 82' lang='lat' dir='ltr'>fundum</span> 
     </span>
     <span class='ocr_line' id='line_1_3' title="bbox 235 656 1494 738; baseline -0.001 -20"><span class='ocrx_word' id='word_1_15' title='bbox 235 658 293 718; x_wconf 86' lang='lat' dir='ltr'>viti</span> <span class='ocrx_word' id='word_1_16' title='bbox 318 658 465 719; x_wconf 88' lang='lat' dir='ltr'>similiter</span> <span class='ocrx_word' id='word_1_17' title='bbox 489 657 614 738; x_wconf 84' lang='lat' dir='ltr'>providi</span> <span class='ocrx_word' id='word_1_18' title='bbox 641 670 671 718; x_wconf 93' lang='lat' dir='ltr'>et</span> <span class='ocrx_word' id='word_1_19' title='bbox 695 656 819 717; x_wconf 88' lang='lat' dir='ltr'>honesti</span> <span class='ocrx_word' id='word_1_20' title='bbox 838 656 1000 719; x_wconf 91' lang='lat' dir='ltr'>Valentini</span> <span class='ocrx_word' id='word_1_21' title='bbox 1018 657 1134 718; x_wconf 90' lang='lat' dir='ltr'>sutoris</span> <span class='ocrx_word' id='word_1_22' title='bbox 1155 676 1171 717; x_wconf 98' lang='lat' dir='ltr'>a</span> <span class='ocrx_word' id='word_1_23' title='bbox 1190 656 1393 717; x_wconf 86' lang='lat' dir='ltr'>meridionali</span> <span class='ocrx_word' id='word_1_24' title='bbox 1413 657 1494 718; x_wconf 90' lang='lat' dir='ltr'>inter</span> 
     </span>
     <span class='ocr_line' id='line_1_4' title="bbox 236 762 1502 846; baseline -0.001 -22"><span class='ocrx_word' id='word_1_25' title='bbox 236 763 315 826; x_wconf 90' lang='lat' dir='ltr'>duas</span> <span class='ocrx_word' id='word_1_26' title='bbox 331 764 453 846; x_wconf 85' lang='lat' dir='ltr'>plateas</span> <span class='ocrx_word' id='word_1_27' title='bbox 477 781 680 840; x_wconf 86' lang='lat' dir='ltr'>communes,</span> <span class='ocrx_word' id='word_1_28' title='bbox 708 782 804 824; x_wconf 91' lang='lat' dir='ltr'>unam</span> <span class='ocrx_word' id='word_1_29' title='bbox 827 783 843 823; x_wconf 92' lang='lat' dir='ltr'>a</span> <span class='ocrx_word' id='word_1_30' title='bbox 869 763 1098 845; x_wconf 83' lang='lat' dir='ltr'>septemtrione</span> <span class='ocrx_word' id='word_1_31' title='bbox 1131 776 1161 824; x_wconf 89' lang='lat' dir='ltr'>et</span> <span class='ocrx_word' id='word_1_32' title='bbox 1185 762 1282 823; x_wconf 89' lang='lat' dir='ltr'>aliam</span> <span class='ocrx_word' id='word_1_33' title='bbox 1312 764 1353 823; x_wconf 92' lang='lat' dir='ltr'>ab</span> <span class='ocrx_word' id='word_1_34' title='bbox 1378 763 1502 823; x_wconf 93' lang='lat' dir='ltr'>oriente</span> 
     </span>
     <span class='ocr_line' id='line_1_5' title="bbox 241 869 1500 949; baseline -0.001 -18"><span class='ocrx_word' id='word_1_35' title='bbox 241 871 345 948; x_wconf 92' lang='lat' dir='ltr'>sitam,</span> <span class='ocrx_word' id='word_1_36' title='bbox 377 870 518 932; x_wconf 90' lang='lat' dir='ltr'>habitam</span> <span class='ocrx_word' id='word_1_37' title='bbox 551 882 581 930; x_wconf 91' lang='lat' dir='ltr'>et</span> <span class='ocrx_word' id='word_1_38' title='bbox 615 869 822 946; x_wconf 81' lang='lat' dir='ltr'>existentem,</span> <span class='ocrx_word' id='word_1_39' title='bbox 855 888 950 930; x_wconf 90' lang='lat' dir='ltr'>unam</span> <span class='ocrx_word' id='word_1_40' title='bbox 994 870 1113 930; x_wconf 92' lang='lat' dir='ltr'>curiam</span> <span class='ocrx_word' id='word_1_41' title='bbox 1146 869 1309 949; x_wconf 90' lang='lat' dir='ltr'>integram</span> <span class='ocrx_word' id='word_1_42' title='bbox 1342 869 1381 929; x_wconf 87' lang='lat' dir='ltr'>ad</span> <span class='ocrx_word' id='word_1_43' title='bbox 1407 887 1500 930; x_wconf 90' lang='lat' dir='ltr'>usum</span> 
     </span>
     <span class='ocr_line' id='line_1_6' title="bbox 241 974 1500 1058; baseline -0.002 -20"><span class='ocrx_word' id='word_1_44' title='bbox 241 976 377 1038; x_wconf 86' lang='lat' dir='ltr'>civitatis</span> <span class='ocrx_word' id='word_1_45' title='bbox 394 974 515 1058; x_wconf 83' lang='lat' dir='ltr'>prefate</span> <span class='ocrx_word' id='word_1_46' title='bbox 540 975 570 1035; x_wconf 93' lang='lat' dir='ltr'>in</span> <span class='ocrx_word' id='word_1_47' title='bbox 596 995 628 1036; x_wconf 91' lang='lat' dir='ltr'>se</span> <span class='ocrx_word' id='word_1_48' title='bbox 654 975 883 1054; x_wconf 92' lang='lat' dir='ltr'>continentem,</span> <span class='ocrx_word' id='word_1_49' title='bbox 908 975 1008 1036; x_wconf 89' lang='lat' dir='ltr'>nobili</span> <span class='ocrx_word' id='word_1_50' title='bbox 1040 989 1071 1037; x_wconf 92' lang='lat' dir='ltr'>et</span> <span class='ocrx_word' id='word_1_51' title='bbox 1095 975 1243 1057; x_wconf 88' lang='lat' dir='ltr'>prudenti</span> <span class='ocrx_word' id='word_1_52' title='bbox 1270 975 1339 1037; x_wconf 91' lang='lat' dir='ltr'>viro</span> <span class='ocrx_word' id='word_1_53' title='bbox 1362 975 1500 1036; x_wconf 89' lang='lat' dir='ltr'>Johanni</span> 
     </span>
     <span class='ocr_line' id='line_1_7' title="bbox 237 1080 1502 1163; baseline -0.002 -20"><span class='ocrx_word' id='word_1_54' title='bbox 237 1081 371 1163; x_wconf 80' lang='lat' dir='ltr'>Posegaj</span> <span class='ocrx_word' id='word_1_55' title='bbox 397 1082 494 1159; x_wconf 92' lang='lat' dir='ltr'>dicto,</span> <span class='ocrx_word' id='word_1_56' title='bbox 518 1080 739 1142; x_wconf 90' lang='lat' dir='ltr'>tricesimatori</span> <span class='ocrx_word' id='word_1_57' title='bbox 758 1081 956 1162; x_wconf 90' lang='lat' dir='ltr'>zagrabiensi</span> <span class='ocrx_word' id='word_1_58' title='bbox 982 1095 1012 1142; x_wconf 91' lang='lat' dir='ltr'>et</span> <span class='ocrx_word' id='word_1_59' title='bbox 1026 1081 1139 1142; x_wconf 87' lang='lat' dir='ltr'>Vrsule</span> <span class='ocrx_word' id='word_1_60' title='bbox 1165 1100 1280 1162; x_wconf 89' lang='lat' dir='ltr'>sponse</span> <span class='ocrx_word' id='word_1_61' title='bbox 1304 1101 1360 1143; x_wconf 90' lang='lat' dir='ltr'>sue</span> <span class='ocrx_word' id='word_1_62' title='bbox 1385 1100 1420 1142; x_wconf 90' lang='lat' dir='ltr'>ac</span> <span class='ocrx_word' id='word_1_63' title='bbox 1444 1100 1502 1162; x_wconf 92' lang='lat' dir='ltr'>per</span> 
     </span>
     <span class='ocr_line' id='line_1_8' title="bbox 236 1186 1498 1269; baseline -0.002 -19"><span class='ocrx_word' id='word_1_64' title='bbox 236 1208 310 1251; x_wconf 89' lang='lat' dir='ltr'>eum</span> <span class='ocrx_word' id='word_1_65' title='bbox 336 1188 401 1249; x_wconf 90' lang='lat' dir='ltr'>suis</span> <span class='ocrx_word' id='word_1_66' title='bbox 425 1188 597 1249; x_wconf 87' lang='lat' dir='ltr'>heredibus</span> <span class='ocrx_word' id='word_1_67' title='bbox 621 1206 678 1268; x_wconf 90' lang='lat' dir='ltr'>pro</span> <span class='ocrx_word' id='word_1_68' title='bbox 703 1187 936 1268; x_wconf 80' lang='lat' dir='ltr'>quinquaginta</span> <span class='ocrx_word' id='word_1_69' title='bbox 969 1186 1038 1249; x_wconf 91' lang='lat' dir='ltr'>flor.</span> <span class='ocrx_word' id='word_1_70' title='bbox 1072 1187 1140 1248; x_wconf 87' lang='lat' dir='ltr'>auri</span> <span class='ocrx_word' id='word_1_71' title='bbox 1165 1186 1312 1248; x_wconf 86' lang='lat' dir='ltr'>vendidit</span> <span class='ocrx_word' id='word_1_72' title='bbox 1335 1186 1403 1268; x_wconf 89' lang='lat' dir='ltr'>jure</span> <span class='ocrx_word' id='word_1_73' title='bbox 1430 1207 1498 1269; x_wconf 89' lang='lat' dir='ltr'>per·</span> 
     </span>
     <span class='ocr_line' id='line_1_9' title="bbox 236 1294 999 1376; baseline -0.001 -20"><span class='ocrx_word' id='word_1_74' title='bbox 236 1310 333 1376; x_wconf 91' lang='lat' dir='ltr'>petuo</span> <span class='ocrx_word' id='word_1_75' title='bbox 359 1294 598 1376; x_wconf 78' lang='lat' dir='ltr'>possidendam.</span> <span class='ocrx_word' id='word_1_76' title='bbox 623 1298 719 1354; x_wconf 76' lang='lat' dir='ltr'>Anno</span> <span class='ocrx_word' id='word_1_77' title='bbox 746 1294 877 1355; x_wconf 90' lang='lat' dir='ltr'>Domini</span> <span class='ocrx_word' id='word_1_78' title='bbox 908 1313 999 1375; x_wconf 77' lang='lat'>1502.</span> 
     </span>
    </p>

    <p class='ocr_par' dir='ltr' id='par_1_3' title="bbox 218 1398 1501 2644">
     <span class='ocr_line' id='line_1_10' title="bbox 342 1398 1500 1480; baseline -0.001 -20"><span class='ocrx_word' id='word_1_79' title='bbox 342 1398 440 1472; x_wconf 91' lang='lat' dir='ltr'>Quod</span> <span class='ocrx_word' id='word_1_80' title='bbox 466 1399 540 1480; x_wconf 90' lang='lat' dir='ltr'>quia</span> <span class='ocrx_word' id='word_1_81' title='bbox 566 1398 614 1459; x_wconf 87' lang='lat' dir='ltr'>vir</span> <span class='ocrx_word' id='word_1_82' title='bbox 638 1399 791 1480; x_wconf 87' lang='lat' dir='ltr'>providus</span> <span class='ocrx_word' id='word_1_83' title='bbox 807 1413 838 1461; x_wconf 94' lang='lat' dir='ltr'>et</span> <span class='ocrx_word' id='word_1_84' title='bbox 855 1399 1009 1460; x_wconf 89' lang='lat' dir='ltr'>honestus</span> <span class='ocrx_word' id='word_1_85' title='bbox 1027 1398 1202 1480; x_wconf 83' lang='lat' dir='ltr'>Gregorius</span> <span class='ocrx_word' id='word_1_86' title='bbox 1219 1399 1374 1476; x_wconf 84' lang='lat' dir='ltr'>literatus,</span> <span class='ocrx_word' id='word_1_87' title='bbox 1391 1398 1500 1459; x_wconf 91' lang='lat' dir='ltr'>senior</span> 
     </span>
     <span class='ocr_line' id='line_1_11' title="bbox 235 1504 1499 1586; baseline 0.001 -21"><span class='ocrx_word' id='word_1_88' title='bbox 235 1504 355 1585; x_wconf 80' lang='lat' dir='ltr'>juratus</span> <span class='ocrx_word' id='word_1_89' title='bbox 368 1519 399 1566; x_wconf 91' lang='lat' dir='ltr'>et</span> <span class='ocrx_word' id='word_1_90' title='bbox 415 1505 555 1566; x_wconf 85' lang='lat' dir='ltr'>concivis</span> <span class='ocrx_word' id='word_1_91' title='bbox 574 1520 691 1583; x_wconf 90' lang='lat' dir='ltr'>noster,</span> <span class='ocrx_word' id='word_1_92' title='bbox 708 1506 869 1586; x_wconf 89' lang='lat' dir='ltr'>quandam</span> <span class='ocrx_word' id='word_1_93' title='bbox 888 1519 1003 1566; x_wconf 89' lang='lat' dir='ltr'>terram</span> <span class='ocrx_word' id='word_1_94' title='bbox 1022 1525 1112 1566; x_wconf 92' lang='lat' dir='ltr'>suam</span> <span class='ocrx_word' id='word_1_95' title='bbox 1130 1505 1312 1583; x_wconf 89' lang='lat' dir='ltr'>arrabilem,</span> <span class='ocrx_word' id='word_1_96' title='bbox 1330 1524 1382 1566; x_wconf 82' lang='lat' dir='ltr'>sex</span> <span class='ocrx_word' id='word_1_97' title='bbox 1397 1504 1499 1566; x_wconf 92' lang='lat' dir='ltr'>dietas</span> 
     </span>
     <span class='ocr_line' id='line_1_12' title="bbox 218 1595 1501 1693; baseline 0 -21"><span class='ocrx_word' id='word_1_98' title='bbox 218 1612 267 1672; x_wconf 79' lang='lat' dir='ltr'>‘in</span> <span class='ocrx_word' id='word_1_99' title='bbox 292 1631 324 1673; x_wconf 90' lang='lat' dir='ltr'>se</span> <span class='ocrx_word' id='word_1_100' title='bbox 348 1612 586 1689; x_wconf 90' lang='lat' dir='ltr'>continentem,</span> <span class='ocrx_word' id='word_1_101' title='bbox 621 1612 652 1672; x_wconf 91' lang='lat' dir='ltr'>in</span> <span class='ocrx_word' id='word_1_102' title='bbox 684 1612 845 1674; x_wconf 88' lang='lat' dir='ltr'>territorio</span> <span class='ocrx_word' id='word_1_103' title='bbox 876 1632 932 1673; x_wconf 89' lang='lat' dir='ltr'>seu</span> <span class='ocrx_word' id='word_1_104' title='bbox 965 1631 1079 1693; x_wconf 92' lang='lat' dir='ltr'>campo</span> <span class='ocrx_word' id='word_1_105' title='bbox 1112 1595 1217 1673; x_wconf 84' lang='lat' dir='ltr'>nostre</span> <span class='ocrx_word' id='word_1_106' title='bbox 1249 1612 1386 1674; x_wconf 86' lang='lat' dir='ltr'>civitatis</span> <span class='ocrx_word' id='word_1_107' title='bbox 1418 1612 1501 1673; x_wconf 90' lang='lat' dir='ltr'>inter</span> 
     </span>
     <span class='ocr_line' id='line_1_13' title="bbox 235 1716 1501 1800; baseline 0 -22"><span class='ocrx_word' id='word_1_108' title='bbox 235 1731 333 1780; x_wconf 92' lang='lat' dir='ltr'>terras</span> <span class='ocrx_word' id='word_1_109' title='bbox 357 1718 510 1779; x_wconf 90' lang='lat' dir='ltr'>arrabiles</span> <span class='ocrx_word' id='word_1_110' title='bbox 534 1739 550 1780; x_wconf 99' lang='lat' dir='ltr'>a</span> <span class='ocrx_word' id='word_1_111' title='bbox 576 1731 664 1799; x_wconf 89' lang='lat' dir='ltr'>parte</span> <span class='ocrx_word' id='word_1_112' title='bbox 696 1718 844 1779; x_wconf 87' lang='lat' dir='ltr'>orientali</span> <span class='ocrx_word' id='word_1_113' title='bbox 876 1737 974 1800; x_wconf 88' lang='lat' dir='ltr'>penes</span> <span class='ocrx_word' id='word_1_114' title='bbox 1005 1732 1121 1779; x_wconf 88' lang='lat' dir='ltr'>terram</span> <span class='ocrx_word' id='word_1_115' title='bbox 1155 1718 1309 1780; x_wconf 89' lang='lat' dir='ltr'>arabilem</span> <span class='ocrx_word' id='word_1_116' title='bbox 1335 1716 1501 1779; x_wconf 93' lang='lat' dir='ltr'>colendini</span> 
     </span>
     <span class='ocr_line' id='line_1_14' title="bbox 234 1823 1499 1906; baseline -0.002 -20"><span class='ocrx_word' id='word_1_117' title='bbox 234 1844 290 1886; x_wconf 91' lang='lat' dir='ltr'>seu</span> <span class='ocrx_word' id='word_1_118' title='bbox 315 1823 584 1886; x_wconf 86' lang='lat' dir='ltr'>confraternitatis</span> <span class='ocrx_word' id='word_1_119' title='bbox 608 1838 764 1902; x_wconf 89' lang='lat' dir='ltr'>sutorum,</span> <span class='ocrx_word' id='word_1_120' title='bbox 789 1844 807 1885; x_wconf 92' lang='lat' dir='ltr'>a</span> <span class='ocrx_word' id='word_1_121' title='bbox 832 1838 919 1905; x_wconf 90' lang='lat' dir='ltr'>parte</span> <span class='ocrx_word' id='word_1_122' title='bbox 952 1844 1027 1885; x_wconf 89' lang='lat' dir='ltr'>vero</span> <span class='ocrx_word' id='word_1_123' title='bbox 1060 1824 1252 1886; x_wconf 87' lang='lat' dir='ltr'>occidentali</span> <span class='ocrx_word' id='word_1_124' title='bbox 1278 1843 1376 1906; x_wconf 87' lang='lat' dir='ltr'>penes</span> <span class='ocrx_word' id='word_1_125' title='bbox 1399 1837 1499 1885; x_wconf 87' lang='lat' dir='ltr'>terras</span> 
     </span>
     <span class='ocr_line' id='line_1_15' title="bbox 235 1929 1501 2013; baseline -0.001 -21"><span class='ocrx_word' id='word_1_126' title='bbox 235 1931 371 1992; x_wconf 89' lang='lat' dir='ltr'>arabiles</span> <span class='ocrx_word' id='word_1_127' title='bbox 395 1930 563 2013; x_wconf 88' lang='lat' dir='ltr'>hospitalis</span> <span class='ocrx_word' id='word_1_128' title='bbox 586 1945 694 1991; x_wconf 89' lang='lat' dir='ltr'>sancte</span> <span class='ocrx_word' id='word_1_129' title='bbox 729 1929 829 1991; x_wconf 86' lang='lat' dir='ltr'>Marie</span> <span class='ocrx_word' id='word_1_130' title='bbox 854 1931 1033 1991; x_wconf 86' lang='lat' dir='ltr'>Anunciate</span> <span class='ocrx_word' id='word_1_131' title='bbox 1067 1930 1098 1992; x_wconf 91' lang='lat' dir='ltr'>in</span> <span class='ocrx_word' id='word_1_132' title='bbox 1132 1931 1215 1992; x_wconf 90' lang='lat' dir='ltr'>dicta</span> <span class='ocrx_word' id='word_1_133' title='bbox 1241 1944 1347 1991; x_wconf 90' lang='lat' dir='ltr'>nostra</span> <span class='ocrx_word' id='word_1_134' title='bbox 1372 1929 1501 1991; x_wconf 85' lang='lat' dir='ltr'>civitate</span> 
     </span>
     <span class='ocr_line' id='line_1_16' title="bbox 235 2035 1499 2118; baseline 0 -21"><span class='ocrx_word' id='word_1_135' title='bbox 235 2035 371 2114; x_wconf 83' lang='lat' dir='ltr'>fundati,</span> <span class='ocrx_word' id='word_1_136' title='bbox 396 2057 413 2098; x_wconf 92' lang='lat' dir='ltr'>a</span> <span class='ocrx_word' id='word_1_137' title='bbox 437 2052 525 2118; x_wconf 90' lang='lat' dir='ltr'>parte</span> <span class='ocrx_word' id='word_1_138' title='bbox 564 2056 639 2097; x_wconf 86' lang='lat' dir='ltr'>vero</span> <span class='ocrx_word' id='word_1_139' title='bbox 673 2036 878 2097; x_wconf 89' lang='lat' dir='ltr'>meridionali</span> <span class='ocrx_word' id='word_1_140' title='bbox 912 2056 1012 2118; x_wconf 92' lang='lat' dir='ltr'>usque</span> <span class='ocrx_word' id='word_1_141' title='bbox 1046 2035 1212 2114; x_wconf 79' lang='lat' dir='ltr'>fossatum,</span> <span class='ocrx_word' id='word_1_142' title='bbox 1237 2057 1254 2098; x_wconf 93' lang='lat' dir='ltr'>a</span> <span class='ocrx_word' id='word_1_143' title='bbox 1279 2050 1367 2118; x_wconf 91' lang='lat' dir='ltr'>parte</span> <span class='ocrx_word' id='word_1_144' title='bbox 1392 2049 1499 2097; x_wconf 89' lang='lat' dir='ltr'>autern</span> 
     </span>
     <span class='ocr_line' id='line_1_17' title="bbox 234 2141 1499 2226; baseline -0.002 -22"><span class='ocrx_word' id='word_1_145' title='bbox 234 2143 487 2226; x_wconf 88' lang='lat' dir='ltr'>septemtrionali</span> <span class='ocrx_word' id='word_1_146' title='bbox 512 2162 610 2225; x_wconf 92' lang='lat' dir='ltr'>penes</span> <span class='ocrx_word' id='word_1_147' title='bbox 633 2142 718 2204; x_wconf 87' lang='lat' dir='ltr'>viam</span> <span class='ocrx_word' id='word_1_148' title='bbox 737 2162 944 2204; x_wconf 90' lang='lat' dir='ltr'>communem</span> <span class='ocrx_word' id='word_1_149' title='bbox 961 2143 1102 2205; x_wconf 89' lang='lat' dir='ltr'>habitam</span> <span class='ocrx_word' id='word_1_150' title='bbox 1121 2157 1152 2205; x_wconf 92' lang='lat' dir='ltr'>et</span> <span class='ocrx_word' id='word_1_151' title='bbox 1176 2143 1375 2220; x_wconf 83' lang='lat' dir='ltr'>existentem,</span> <span class='ocrx_word' id='word_1_152' title='bbox 1394 2141 1499 2224; x_wconf 91' lang='lat' dir='ltr'>ipsum</span> 
     </span>
     <span class='ocr_line' id='line_1_18' title="bbox 234 2247 1501 2331; baseline -0.002 -21"><span class='ocrx_word' id='word_1_153' title='bbox 234 2250 356 2311; x_wconf 89' lang='lat' dir='ltr'>scilicet</span> <span class='ocrx_word' id='word_1_154' title='bbox 381 2248 557 2329; x_wconf 83' lang='lat' dir='ltr'>Georgium</span> <span class='ocrx_word' id='word_1_155' title='bbox 576 2248 738 2310; x_wconf 89' lang='lat' dir='ltr'>literatum</span> <span class='ocrx_word' id='word_1_156' title='bbox 768 2263 840 2331; x_wconf 91' lang='lat' dir='ltr'>post</span> <span class='ocrx_word' id='word_1_157' title='bbox 869 2263 1007 2311; x_wconf 90' lang='lat' dir='ltr'>mortem</span> <span class='ocrx_word' id='word_1_158' title='bbox 1038 2264 1068 2310; x_wconf 93' lang='lat' dir='ltr'>et</span> <span class='ocrx_word' id='word_1_159' title='bbox 1092 2249 1239 2310; x_wconf 91' lang='lat' dir='ltr'>similiter</span> <span class='ocrx_word' id='word_1_160' title='bbox 1262 2247 1501 2310; x_wconf 91' lang='lat' dir='ltr'>testamentaria</span> 
     </span>
     <span class='ocr_line' id='line_1_19' title="bbox 233 2351 1494 2436; baseline -0.002 -20"><span class='ocrx_word' id='word_1_161' title='bbox 233 2355 399 2436; x_wconf 90' lang='lat' dir='ltr'>legacione</span> <span class='ocrx_word' id='word_1_162' title='bbox 423 2355 559 2416; x_wconf 89' lang='lat' dir='ltr'>condam</span> <span class='ocrx_word' id='word_1_163' title='bbox 585 2354 695 2416; x_wconf 92' lang='lat' dir='ltr'>Jacobi</span> <span class='ocrx_word' id='word_1_164' title='bbox 725 2354 908 2436; x_wconf 85' lang='lat' dir='ltr'>Bekethych</span> <span class='ocrx_word' id='word_1_165' title='bbox 934 2354 1010 2416; x_wconf 90' lang='lat' dir='ltr'>dicti</span> <span class='ocrx_word' id='word_1_166' title='bbox 1039 2355 1118 2416; x_wconf 84' lang='lat' dir='ltr'>olitn</span> <span class='ocrx_word' id='word_1_167' title='bbox 1148 2354 1288 2416; x_wconf 87' lang='lat' dir='ltr'>concivis</span> <span class='ocrx_word' id='word_1_168' title='bbox 1306 2352 1406 2414; x_wconf 89' lang='lat' dir='ltr'>nostri</span> <span class='ocrx_word' id='word_1_169' title='bbox 1423 2351 1494 2433; x_wconf 74' lang='lat' dir='ltr'>iure</span> 
     </span>
     <span class='ocr_line' id='line_1_20' title="bbox 234 2457 1499 2542; baseline -0.003 -20"><span class='ocrx_word' id='word_1_170' title='bbox 234 2466 430 2523; x_wconf 88' lang='lat' dir='ltr'>successorio</span> <span class='ocrx_word' id='word_1_171' title='bbox 456 2473 487 2522; x_wconf 86' lang='lat' dir='ltr'>et</span> <span class='ocrx_word' id='word_1_172' title='bbox 518 2460 666 2522; x_wconf 90' lang='lat' dir='ltr'>similiter</span> <span class='ocrx_word' id='word_1_173' title='bbox 701 2461 786 2522; x_wconf 86' lang='lat' dir='ltr'>linea</span> <span class='ocrx_word' id='word_1_174' title='bbox 819 2459 982 2522; x_wconf 71' lang='lat' dir='ltr'>affinitatis</span> <span class='ocrx_word' id='word_1_175' title='bbox 1013 2475 1166 2542; x_wconf 86' lang='lat' dir='ltr'>tanquam</span> <span class='ocrx_word' id='word_1_176' title='bbox 1200 2461 1231 2521; x_wconf 92' lang='lat' dir='ltr'>iu</span> <span class='ocrx_word' id='word_1_177' title='bbox 1264 2458 1403 2521; x_wconf 87' lang='lat' dir='ltr'>eundem</span> <span class='ocrx_word' id='word_1_178' title='bbox 1428 2457 1499 2519; x_wconf 91' lang='lat' dir='ltr'>des·</span> 
     </span>
     <span class='ocr_line' id='line_1_21' title="bbox 234 2563 1500 2644; baseline -0.003 -16"><span class='ocrx_word' id='word_1_179' title='bbox 234 2568 327 2629; x_wconf 88' lang='lat' dir='ltr'>cendi</span> <span class='ocrx_word' id='word_1_180' title='bbox 351 2582 609 2644; x_wconf 89' lang='lat' dir='ltr'>concernentem,</span> <span class='ocrx_word' id='word_1_181' title='bbox 630 2567 726 2628; x_wconf 89' lang='lat' dir='ltr'>simul</span> <span class='ocrx_word' id='word_1_182' title='bbox 744 2586 815 2628; x_wconf 89' lang='lat' dir='ltr'>curn</span> <span class='ocrx_word' id='word_1_183' title='bbox 834 2567 988 2628; x_wconf 92' lang='lat' dir='ltr'>omnibus</span> <span class='ocrx_word' id='word_1_184' title='bbox 1005 2567 1149 2629; x_wconf 91' lang='lat' dir='ltr'>eiusdem</span> <span class='ocrx_word' id='word_1_185' title='bbox 1167 2582 1249 2628; x_wconf 89' lang='lat' dir='ltr'>terre</span> <span class='ocrx_word' id='word_1_186' title='bbox 1267 2565 1396 2626; x_wconf 91' lang='lat' dir='ltr'>arabilis</span> <span class='ocrx_word' id='word_1_187' title='bbox 1413 2563 1500 2625; x_wconf 92' lang='lat' dir='ltr'>utili·</span> 
     </span>
    </p>
   </div>
   <div class='ocr_carea' id='block_1_3' title="bbox 234 2661 1500 3391">
    <p class='ocr_par' dir='ltr' id='par_1_4' title="bbox 234 2661 1500 3391">
     <span class='ocr_line' id='line_1_22' title="bbox 234 2661 1500 2754; baseline -0.002 -19"><span class='ocrx_word' id='word_1_188' title='bbox 234 2674 362 2752; x_wconf 87' lang='lat' dir='ltr'>tatibus,</span> <span class='ocrx_word' id='word_1_189' title='bbox 386 2672 509 2754; x_wconf 81' lang='lat' dir='ltr'>juribus</span> <span class='ocrx_word' id='word_1_190' title='bbox 533 2688 604 2751; x_wconf 68' lang='lat' dir='ltr'>etc,</span> <span class='ocrx_word' id='word_1_191' title='bbox 629 2673 731 2734; x_wconf 91' lang='lat' dir='ltr'>nobili</span> <span class='ocrx_word' id='word_1_192' title='bbox 757 2661 791 2734; x_wconf 57' lang='lat' dir='ltr'>et&#39;</span> <span class='ocrx_word' id='word_1_193' title='bbox 820 2673 967 2754; x_wconf 88' lang='lat' dir='ltr'>prudenti</span> <span class='ocrx_word' id='word_1_194' title='bbox 1003 2674 1071 2734; x_wconf 89' lang='lat' dir='ltr'>viro</span> <span class='ocrx_word' id='word_1_195' title='bbox 1096 2673 1233 2735; x_wconf 91' lang='lat' dir='ltr'>lohanni</span> <span class='ocrx_word' id='word_1_196' title='bbox 1261 2670 1406 2752; x_wconf 87' lang='lat' dir='ltr'>Posegaj,</span> <span class='ocrx_word' id='word_1_197' title='bbox 1432 2690 1500 2732; x_wconf 91' lang='lat' dir='ltr'>mo·</span> 
     </span>
     <span class='ocr_line' id='line_1_23' title="bbox 235 2778 1499 2861; baseline -0.002 -21"><span class='ocrx_word' id='word_1_198' title='bbox 235 2780 336 2841; x_wconf 93' lang='lat' dir='ltr'>derno</span> <span class='ocrx_word' id='word_1_199' title='bbox 360 2779 457 2860; x_wconf 81' lang='lat' dir='ltr'>judici</span> <span class='ocrx_word' id='word_1_200' title='bbox 483 2795 603 2857; x_wconf 90' lang='lat' dir='ltr'>nostro,</span> <span class='ocrx_word' id='word_1_201' title='bbox 629 2799 664 2840; x_wconf 90' lang='lat' dir='ltr'>ac</span> <span class='ocrx_word' id='word_1_202' title='bbox 688 2799 744 2860; x_wconf 90' lang='lat' dir='ltr'>per</span> <span class='ocrx_word' id='word_1_203' title='bbox 769 2799 843 2840; x_wconf 92' lang='lat' dir='ltr'>eum</span> <span class='ocrx_word' id='word_1_204' title='bbox 867 2780 932 2840; x_wconf 89' lang='lat' dir='ltr'>suis</span> <span class='ocrx_word' id='word_1_205' title='bbox 948 2779 1121 2840; x_wconf 89' lang='lat' dir='ltr'>heredibus</span> <span class='ocrx_word' id='word_1_206' title='bbox 1145 2799 1203 2861; x_wconf 90' lang='lat' dir='ltr'>pro</span> <span class='ocrx_word' id='word_1_207' title='bbox 1228 2778 1401 2840; x_wconf 89' lang='lat' dir='ltr'>duodecim</span> <span class='ocrx_word' id='word_1_208' title='bbox 1425 2796 1499 2840; x_wconf 89' lang='lat' dir='ltr'>cum</span> 
     </span>
     <span class='ocr_line' id='line_1_24' title="bbox 235 2883 1497 2967; baseline -0.003 -20"><span class='ocrx_word' id='word_1_209' title='bbox 235 2885 344 2947; x_wconf 90' lang='lat' dir='ltr'>medio</span> <span class='ocrx_word' id='word_1_210' title='bbox 368 2885 438 2947; x_wconf 87' lang='lat' dir='ltr'>flor.</span> <span class='ocrx_word' id='word_1_211' title='bbox 462 2885 543 2963; x_wconf 88' lang='lat' dir='ltr'>auri,</span> <span class='ocrx_word' id='word_1_212' title='bbox 567 2904 623 2967; x_wconf 91' lang='lat' dir='ltr'>per</span> <span class='ocrx_word' id='word_1_213' title='bbox 646 2885 785 2946; x_wconf 92' lang='lat' dir='ltr'>eundem</span> <span class='ocrx_word' id='word_1_214' title='bbox 810 2885 990 2946; x_wconf 74' lang='lat' dir='ltr'>iohannem</span> <span class='ocrx_word' id='word_1_215' title='bbox 1020 2883 1153 2965; x_wconf 84' lang='lat' dir='ltr'>Posegaj</span> <span class='ocrx_word' id='word_1_216' title='bbox 1186 2883 1325 2965; x_wconf 88' lang='lat' dir='ltr'>judicem</span> <span class='ocrx_word' id='word_1_217' title='bbox 1351 2895 1497 2959; x_wconf 84' lang='lat' dir='ltr'>nostrum</span> 
     </span>
     <span class='ocr_line' id='line_1_25' title="bbox 235 2988 1499 3074; baseline -0.002 -23"><span class='ocrx_word' id='word_1_218' title='bbox 235 2989 358 3073; x_wconf 86' lang='lat' dir='ltr'>prelato</span> <span class='ocrx_word' id='word_1_219' title='bbox 383 2990 525 3072; x_wconf 90' lang='lat' dir='ltr'>Georgio</span> <span class='ocrx_word' id='word_1_220' title='bbox 550 2991 687 3068; x_wconf 81' lang='lat' dir='ltr'>literatO,</span> <span class='ocrx_word' id='word_1_221' title='bbox 720 3006 814 3074; x_wconf 90' lang='lat' dir='ltr'>prout</span> <span class='ocrx_word' id='word_1_222' title='bbox 847 2992 980 3073; x_wconf 90' lang='lat' dir='ltr'>ipsemet</span> <span class='ocrx_word' id='word_1_223' title='bbox 1012 2991 1106 3053; x_wconf 92' lang='lat' dir='ltr'>nobis</span> <span class='ocrx_word' id='word_1_224' title='bbox 1138 2990 1265 3068; x_wconf 89' lang='lat' dir='ltr'>retulit,</span> <span class='ocrx_word' id='word_1_225' title='bbox 1290 2989 1384 3071; x_wconf 90' lang='lat' dir='ltr'>plene</span> <span class='ocrx_word' id='word_1_226' title='bbox 1417 2988 1499 3050; x_wconf 84' lang='lat' dir='ltr'>datis</span> 
     </span>
     <span class='ocr_line' id='line_1_26' title="bbox 234 3094 1499 3180; baseline -0.004 -20"><span class='ocrx_word' id='word_1_227' title='bbox 234 3111 265 3160; x_wconf 93' lang='lat' dir='ltr'>et</span> <span class='ocrx_word' id='word_1_228' title='bbox 288 3097 458 3180; x_wconf 91' lang='lat' dir='ltr'>persolutis</span> <span class='ocrx_word' id='word_1_229' title='bbox 482 3098 512 3158; x_wconf 92' lang='lat' dir='ltr'>in</span> <span class='ocrx_word' id='word_1_230' title='bbox 540 3111 729 3178; x_wconf 89' lang='lat' dir='ltr'>perpetuum</span> <span class='ocrx_word' id='word_1_231' title='bbox 755 3097 893 3159; x_wconf 89' lang='lat' dir='ltr'>dedisset</span> <span class='ocrx_word' id='word_1_232' title='bbox 918 3112 948 3159; x_wconf 93' lang='lat' dir='ltr'>et</span> <span class='ocrx_word' id='word_1_233' title='bbox 973 3097 1225 3159; x_wconf 89' lang='lat' dir='ltr'>irrevocabiliter</span> <span class='ocrx_word' id='word_1_234' title='bbox 1249 3094 1499 3178; x_wconf 68' lang='lat' dir='ltr'>possidendam</span> 
     </span>
     <span class='ocr_line' id='line_1_27' title="bbox 235 3201 1496 3285; baseline -0.002 -19"><span class='ocrx_word' id='word_1_235' title='bbox 235 3205 285 3266; x_wconf 91' lang='lat' dir='ltr'>cui</span> <span class='ocrx_word' id='word_1_236' title='bbox 310 3205 382 3266; x_wconf 91' lang='lat' dir='ltr'>data</span> <span class='ocrx_word' id='word_1_237' title='bbox 409 3219 455 3265; x_wconf 92' lang='lat' dir='ltr'>est</span> <span class='ocrx_word' id='word_1_238' title='bbox 485 3205 576 3265; x_wconf 92' lang='lat' dir='ltr'>litera</span> <span class='ocrx_word' id='word_1_239' title='bbox 607 3204 817 3285; x_wconf 88' lang='lat' dir='ltr'>privilegialis</span> <span class='ocrx_word' id='word_1_240' title='bbox 848 3202 926 3266; x_wconf 85' lang='lat' dir='ltr'>feria</span> <span class='ocrx_word' id='word_1_241' title='bbox 950 3219 1036 3266; x_wconf 86' lang='lat' dir='ltr'>sexta</span> <span class='ocrx_word' id='word_1_242' title='bbox 1063 3205 1094 3265; x_wconf 90' lang='lat' dir='ltr'>iu</span> <span class='ocrx_word' id='word_1_243' title='bbox 1120 3202 1201 3265; x_wconf 80' lang='lat' dir='ltr'>festo</span> <span class='ocrx_word' id='word_1_244' title='bbox 1225 3202 1310 3265; x_wconf 91' lang='lat' dir='ltr'>beati</span> <span class='ocrx_word' id='word_1_245' title='bbox 1328 3201 1496 3283; x_wconf 79' lang='lat' dir='ltr'>Pangracii</span> 
     </span>
     <span class='ocr_line' id='line_1_28' title="bbox 235 3311 504 3391; baseline -0.004 -19"><span class='ocrx_word' id='word_1_246' title='bbox 235 3311 382 3372; x_wconf 90' lang='lat' dir='ltr'>martiris.</span> <span class='ocrx_word' id='word_1_247' title='bbox 413 3311 504 3391; x_wconf 86' lang='lat'>1508.</span> 
     </span>
    </p>
   </div>
   <div class='ocr_carea' id='block_1_4' title="bbox 341 3466 616 3538">
    <p class='ocr_par' dir='ltr' id='par_1_5' title="bbox 341 3466 616 3538">
     <span class='ocr_line' id='line_1_29' title="bbox 341 3466 616 3538; baseline -0.011 -18"><span class='ocrx_word' id='word_1_248' title='bbox 341 3470 355 3503; x_wconf 86' lang='lat'>*</span> <span class='ocrx_word' id='word_1_249' title='bbox 375 3467 449 3521; x_wconf 83' lang='lat' dir='ltr'>sors:</span> <span class='ocrx_word' id='word_1_250' title='bbox 469 3466 616 3538; x_wconf 82' lang='lat' dir='ltr'>Hehnigg.</span> 
     </span>
    </p>
   </div>
   <div class='ocr_carea' id='block_1_5' title="bbox 0 0 1718 5256">
    <p class='ocr_par' dir='ltr' id='par_1_6' title="bbox 0 0 1718 5256">
     <span class='ocr_line' id='line_1_30' title="bbox 0 0 1718 5256; baseline 0 1"><span class='ocrx_word' id='word_1_251' title='bbox 0 0 1718 5256; x_wconf 95' lang='lat' dir='ltr'> </span> 
     </span>
    </p>
   </div>
  </div>
 </body>
</html>
