3428 5256
757 251 958 332 Ann01476.

225 462 487 543 predecessorum
521 465 664 545 ipsorum
700 464 795 526 titulo
827 465 1017 527 donacionis
1050 480 1081 530 et
1111 467 1287 529 elemosine
1320 467 1427 530 datam
1459 484 1491 530 et

225 570 410 650 asscriptam
436 590 471 630 ac
496 585 648 652 perpetue
675 570 823 631 traditam
842 586 938 652 prout
962 570 1073 633 hocin
1103 572 1243 653 quadam
1269 572 1360 636 litera
1384 588 1492 637 nostra

225 696 281 736 seu
305 676 441 738 civitatis
474 691 640 757 prenotate
672 690 817 758 tempore
849 676 1008 757 judicatus
1040 678 1100 739 viri
1133 678 1281 742 similiter
1309 679 1436 761 providi
1461 694 1493 743 et

225 784 445 865 circumspecti
474 784 568 845 Blasii
594 781 651 844 tilii
678 783 760 844 Petri
790 782 927 844 senioris
961 783 1076 857 iudicis
1107 798 1138 845 et
1161 784 1304 846 concivis
1327 785 1427 847 nostri
1451 784 1493 847 de

225 911 310 951 anno
337 891 467 951 Domini
493 890 665 951 millesimo
695 889 1014 970 quadringentesimo
1047 890 1284 972 septuagesimo
1308 890 1434 972 quinto,
1459 890 1491 952 in

225 1012 335 1059 octava
363 997 568 1058 Ascensionis
600 996 732 1057 Domini
765 996 966 1078 aliquamdiu
999 996 1158 1079 preteritis
1191 1015 1250 1080 pro
1275 1011 1363 1079 parte
1389 996 1493 1079 ipsius

239 1104 388 1164 denedicti
415 1103 544 1164 sartoris
569 1103 753 1184 Symunycz
778 1102 852 1162 dicti
872 1116 1018 1164 emanata
1043 1116 1074 1163 et
1091 1120 1198 1163 coram
1224 1103 1317 1165 nobis
1335 1102 1366 1164 in
1383 1104 1492 1185 specie

226 1211 379 1290 producta
406 1209 467 1270 fide
492 1209 631 1269 vidimus
656 1209 811 1269 contineri
830 1208 975 1271 oculata:
1002 1209 1109 1269 l‘rimo
1127 1208 1277 1271 videlicet
1301 1209 1491 1291 porcionem

224 1336 279 1376 seu
306 1317 511 1377 medietatem
537 1315 640 1374 civilis
657 1334 712 1375 seu
728 1312 820 1375 fundi
846 1314 1017 1374 domorum
1049 1328 1079 1375 et
1096 1313 1295 1376 edificiorum
1319 1334 1355 1376 ac
1380 1314 1490 1375 celarii

225 1423 421 1482 subterranei
448 1422 478 1481 in
505 1421 588 1481 dicta
607 1420 732 1480 civitate
761 1420 923 1480 existentis
950 1440 966 1479 a
999 1434 1086 1501 parte
1111 1419 1258 1480 orientali
1284 1420 1486 1503 penesviatn

224 1548 279 1587 seu
305 1528 441 1607 plateam
468 1546 685 1602 communem,
720 1547 735 1585 a
769 1541 857 1608 parte
889 1545 965 1586 veto
998 1525 1201 1587 meridionali
1227 1545 1325 1607 penes
1347 1522 1488 1588 fundum

224 1653 279 1693 seu
304 1634 397 1694 civile
422 1632 548 1713 providi
576 1632 674 1692 Marci
701 1631 857 1692 carnificis
882 1632 1025 1692 concivis
1041 1645 1071 1692 et
1095 1630 1231 1693 senioris
1254 1630 1348 1713 jurati
1377 1631 1491 1711 nostri,

225 1762 240 1798 a
266 1753 352 1820 parte
378 1753 484 1799 autem
510 1738 638 1800 australi
668 1758 765 1819 penes
790 1736 926 1798 fundum
960 1752 990 1798 et
1021 1737 1116 1798 civile
1140 1736 1254 1819 prelati
1280 1736 1400 1800 Mathie
1424 1758 1489 1799 sar·

223 1846 301 1905 toris
326 1845 472 1905 nicrderni
499 1844 598 1904 nostri
625 1843 738 1921 judicis
763 1864 798 1903 ac
816 1844 1058 1905 communitatis
1087 1857 1193 1906 nostre
1218 1858 1249 1904 et
1273 1844 1405 1905 domine
1425 1844 1488 1905 llo·

224 1951 333 2011 rothae
359 1951 514 2011 consortis
539 1948 680 2009 eiusdem
707 1950 863 2028 legittime
889 1949 1030 2009 habitam
1056 1965 1086 2009 et
1111 1949 1312 2013 existentem.

330 2074 407 2135 ltetu
433 2074 565 2135 totalem
591 2088 621 2133 et
654 2074 807 2151 integram
843 2075 1029 2155 porcionem
1065 2074 1287 2135 clenodiorum
1313 2088 1345 2135 et
1369 2075 1488 2137 utensi·

225 2182 303 2241 lium
329 2180 456 2257 domus,
481 2180 596 2260 quovis
620 2180 750 2239 nomine
777 2180 997 2257 vocitatarum,
1027 2180 1174 2239 similiter
1199 2179 1337 2241 eundern
1364 2178 1489 2261 Grego-

224 2288 305 2347 rium
331 2286 433 2347 lilium
460 2285 607 2365 Gregorii
635 2286 817 2368 Symunycz
843 2286 1123 2347 concernencium.

329 2411 405 2471 ltem
439 2410 569 2470 totalem
603 2423 633 2469 et
667 2409 822 2487 integram
855 2410 1042 2489 porcionem
1075 2410 1168 2470 vinee
1200 2409 1348 2470 similiter
1381 2410 1485 2491 ipsunt

223 2516 360 2578 condam
396 2516 588 2596 Gregorium
622 2514 722 2574 lilium
756 2513 904 2594 Gregorii
940 2516 1122 2597 Symunycz
1155 2529 1423 2593 concertrentem,
1455 2515 1487 2577 in

223 2626 383 2685 territorio
408 2638 518 2683 nostro
544 2622 696 2697 habitam,
733 2621 824 2680 cuia
858 2636 946 2700 parte
980 2621 1183 2682 meridionali
1210 2621 1367 2682 vicinatur
1392 2621 1486 2682 vinea

224 2748 278 2787 seu
311 2728 422 2809 porcio
457 2728 549 2787 vinee
586 2724 698 2807 prelati
734 2726 852 2786 hlathie
889 2727 1018 2787 sartoris
1055 2726 1201 2787 moderni
1234 2726 1349 2805 judicis
1380 2740 1487 2788 nostre

223 2834 473 2911 communitatis,
498 2855 514 2894 a
541 2847 629 2914 parte
658 2851 734 2892 vero
769 2832 960 2892 occidentali
994 2833 1131 2913 desuper
1164 2852 1265 2913 usque
1290 2832 1374 2893 viam
1400 2852 1488 2893 com·

224 2960 365 3016 munem,
390 2960 406 2999 a
432 2956 518 3020 parte
544 2954 650 3000 autem
676 2939 804 2998 australi
830 2958 927 3019 penes
946 2939 1070 2998 vineam
1102 2938 1258 2998 desertam
1284 2938 1363 2997 olim
1381 2936 1487 2999 cuius·

223 3043 295 3104 dam
325 3046 504 3120 lirodaricz,
530 3065 546 3105 a
572 3060 658 3124 parte
677 3058 783 3105 autem
809 3044 956 3104 orientali
977 3042 1056 3104 iufra
1077 3063 1177 3123 usque
1203 3044 1373 3104 decursum
1392 3062 1487 3125 aque,

223 3170 294 3210 cum
321 3151 420 3210 domo
445 3152 525 3211 circa
551 3151 686 3211 eandem
707 3151 833 3211 vineam
859 3165 1040 3211 constructa
1057 3170 1093 3210 ac
1111 3150 1183 3210 aliis
1207 3150 1366 3211 universis
1390 3150 1486 3231 perti·

223 3257 345 3317 nenciis
369 3256 512 3317 eiusdem
539 3258 640 3319 vinee.

329 3380 732 3461 ltcmsimiliterquandam
750 3394 864 3441 terram
884 3380 1037 3440 arabilem
1048 3400 1104 3440 seu
1122 3380 1307 3461 porcionem
1321 3380 1351 3439 in
1370 3399 1485 3462 eampo

222 3508 276 3547 seu
301 3488 462 3549 territorio
489 3502 597 3548 nostro
627 3488 779 3564 habitam,
812 3488 862 3547 cui
890 3507 907 3547 a
943 3501 1029 3568 parte
1062 3487 1209 3548 orientali
1236 3502 1266 3548 et
1291 3486 1485 3547 occidentali

223 3594 402 3653 vicinantur
427 3593 476 3654 vie
502 3613 700 3671 communes,
725 3616 741 3653 a
776 3610 863 3674 parte
890 3612 965 3652 vero
999 3594 1202 3654 meridionali
1230 3613 1326 3674 penes
1351 3594 1485 3654 fluvium

223 3700 379 3781 Zeruvalt,
403 3720 418 3759 a
445 3714 532 3780 parte
557 3713 663 3759 autem
686 3702 814 3761 australi
833 3719 931 3782 penes
948 3701 1136 3780 porcionem
1161 3714 1243 3762 terre
1268 3700 1397 3761 arabilis
1415 3719 1486 3781 pre·

222 3804 275 3864 luti
303 3803 420 3865 blathie
445 3805 573 3864 sartoris
599 3805 744 3865 moderni
771 3806 885 3885 judicis
909 3820 1015 3865 nostre
1041 3807 1290 3867 communitatis.

329 3927 404 3989 ltem
441 3928 604 4007 quoddam
639 3928 736 3989 l'enile
769 3930 916 3989 similiter
953 3931 982 3990 in
1021 3931 1180 3991 territorio
1206 3944 1315 3992 nostro
1341 3931 1485 3992 habitum

223 4034 304 4094 inter
329 4048 359 4094 et
384 4053 481 4113 penes
513 4035 687 4113 quemdam
721 4034 853 4096 fluvium
889 4036 987 4117 vulgo
1021 4036 1165 4119 Zernyalt
1189 4038 1322 4115 dictum,
1347 4040 1386 4098 ab
1412 4056 1486 4113 una,

221 4140 371 4199 videlicet
395 4139 543 4199 orientali
570 4154 669 4219 parte,
693 4159 729 4200 ac
754 4160 851 4221 penes
886 4144 969 4202 riam
1004 4162 1210 4204 communem
1237 4165 1254 4205 a
1280 4142 1483 4204 meridionali

222 4260 319 4324 parte,
346 4264 402 4305 nec
428 4264 493 4305 uon
519 4264 616 4326 penes
640 4242 737 4307 fenile
764 4246 876 4327 prelati
897 4247 1016 4310 lllathie
1041 4249 1170 4310 sartoris
1188 4249 1334 4310 moderni
1360 4248 1486 4327 judicis,

221 4352 260 4411 ab
285 4350 489 4425 occidentali,
513 4366 543 4411 et
568 4370 667 4432 penes
691 4367 806 4413 terram
832 4354 985 4415 arabilem
1010 4356 1068 4415 viri
1094 4356 1241 4416 similiter
1265 4356 1390 4437 providi
1416 4356 1484 4417 Ste-

220 4454 316 4536 phani
344 4456 496 4517 institoris
519 4457 644 4538 pridem
670 4456 815 4536 jurati,a
844 4460 1098 4541 septemtrionali
1124 4475 1224 4543 parte.

325 4578 404 4641 ltem
430 4580 579 4662 equalem
604 4597 634 4643 et
660 4581 813 4644 directam
832 4584 1019 4664 porcionem
1037 4586 1117 4647 silve
1141 4586 1172 4647 in
1190 4584 1350 4647 territorio
1375 4601 1485 4647 nostro

221 4686 341 4765 habite,
364 4688 415 4751 cui
440 4708 457 4750 a
482 4702 572 4773 parte
596 4688 800 4751 meridionali
825 4690 983 4753 vicinatur
999 4692 1077 4753 silva
1100 4690 1321 4775 circumspecti
1346 4694 1404 4755 viri
1431 4694 1483 4757 Jo-
