3428 5256
755 305 941 368 Inamanb.
1429 304 1488 385 169

223 517 327 601 prime
352 517 469 599 pagine
492 515 624 578 secundi
652 515 721 578 lolii
746 516 816 579 finit
845 516 918 578 »sed
944 531 1075 599 propter
1092 516 1226 579 modum
1252 517 1488 599 producendi«,

223 639 254 687 et
279 625 311 685 in
336 623 399 685 fine
423 623 496 685 libri
522 621 591 684 finit
620 623 706 684 »eius
730 624 818 705 quod
843 639 993 702 estesse,
1019 623 1144 685 nullum
1169 640 1340 687 estesse«.

332 730 421 807 Item,
446 730 526 791 liber
547 730 602 810 qui
628 730 808 811 appellatur
825 729 917 813 Opus
934 744 1101 792 cantorum
1120 730 1358 808 parisiensium,
1384 746 1414 794 et
1441 733 1488 792 irr-

225 836 304 918 cipit
328 836 359 897 in
385 836 469 897 libro
497 837 649 897 »verbum
667 836 867 897 abreviatum
884 833 959 898 lecit
983 835 1167 914 dominus«,
1193 838 1273 898 etin
1300 835 1360 898 fine
1385 840 1488 920 prime

224 943 341 1025 pagine
366 942 500 1004 secundi
526 940 595 1003 lolii
628 941 697 1004 finit
733 943 982 1025 ’patrimonium
1016 943 1108 1005 ihesu
1134 942 1287 1022 Christi«,
1312 960 1343 1006 et
1369 946 1400 1006 in
1426 944 1488 1006 fine

224 1050 297 1111 libri
323 1046 394 1110 finit
421 1050 582 1130 »primum
607 1046 855 1131 perlectorum«.

331 1155 423 1233 item,
447 1175 574 1216 summa
598 1154 754 1216 lobannis
781 1155 856 1216 Bele
888 1155 928 1216 de
953 1155 1119 1217 reddenda
1153 1157 1280 1217 racione
1305 1156 1488 1219 divinorum

224 1260 420 1340 olficiorum,
445 1276 476 1323 et
508 1262 620 1344 incipit
651 1262 682 1322 in
717 1263 808 1343 nigro
843 1262 896 1323 »ln
929 1262 1092 1345 primitiva
1124 1264 1290 1342 ecclesia«,
1315 1278 1346 1326 et
1371 1264 1403 1325 in
1427 1263 1489 1325 fine

224 1367 328 1448 prime
354 1367 471 1449 pagine
496 1367 600 1428 ultimi
626 1365 695 1428 lolii
721 1366 790 1428 finit
818 1366 1004 1429 »Heremita
1032 1367 1142 1430 docuit
1166 1369 1329 1431 tandem«.

332 1491 420 1569 ltem,
445 1512 528 1553 unus
560 1492 690 1554 libellus
721 1492 761 1554 de
794 1492 1015 1553 declaracione
1048 1491 1228 1554 difficilium
1262 1495 1433 1555 verborum
1459 1508 1490 1555 et

224 1595 408 1658 diceionum
427 1598 459 1658 in
476 1597 651 1680 theologia,
666 1613 696 1658 et
714 1598 826 1680 incipit
843 1599 875 1659 in
890 1599 981 1679 nigro
1002 1599 1345 1660 ›Reverendissimoin
1361 1599 1490 1661 Christo

224 1704 340 1783 patri«,
366 1718 396 1765 et
421 1704 452 1765 in
478 1703 540 1765 fine
566 1704 637 1765 libri
663 1703 761 1765 habet
793 1705 933 1786 capitula
958 1720 988 1766 et
1013 1705 1125 1767 titulos
1159 1705 1305 1767 eiusdem
1331 1706 1491 1788 opusculi,

224 1824 255 1870 et
280 1808 351 1871 linit
380 1809 438 1871 rad
463 1811 626 1873 accionem
653 1811 684 1871 in
710 1811 924 1892 passionem«.

292 2040 499 2121 Sequitur
525 2041 817 2103 inventarium
843 2042 1051 2103 librorum
1082 2041 1191 2121 juris
1214 2045 1423 2107 canonici.

332 2183 451 2261 Primo,
477 2204 558 2245 unus
583 2184 664 2245 liber
687 2184 911 2261 Decretorum,
928 2200 1098 2268 coopertus
1121 2206 1194 2247 cum
1212 2207 1308 2249 coreo
1332 2189 1371 2248 ad
1398 2191 1489 2252 rube-

225 2288 334 2349 dinem
359 2290 521 2366 tendente,
547 2305 577 2351 et
602 2291 714 2372 incipit
738 2290 776 2351 de
799 2292 924 2353 rubrica
953 2292 1086 2373 »Incipit
1102 2294 1275 2355 concordia
1302 2296 1488 2356 discordan-

225 2396 309 2455 cium
336 2415 530 2472 canonum«,
555 2411 585 2458 et
610 2397 641 2457 in
667 2396 729 2459 fine
755 2398 857 2479 prime
882 2397 998 2479 pagine
1030 2399 1162 2460 secundi
1189 2398 1258 2461 lolii
1284 2400 1353 2462 finit
1382 2403 1488 2482 »quod

225 2501 347 2562 malum
372 2517 450 2579 est«,
476 2518 506 2564 et
532 2504 562 2563 in
589 2503 649 2564 fine
674 2504 747 2565 libri
772 2503 841 2565 finit
869 2504 976 2585 »quod
994 2504 1109 2566 viderit
1134 2521 1257 2587 patrem
1283 2505 1487 2571 facientem«.

329 2626 419 2704 item,
445 2646 544 2688 unum
568 2628 668 2689 alium
693 2629 761 2708 (sic)
791 2629 961 2690 Decretum
996 2629 1035 2690 ad
1072 2630 1206 2691 modum
1231 2633 1412 2712 antiquum,
1437 2632 1489 2693 ha·

225 2731 304 2792 bens
330 2733 360 2792 in
388 2733 547 2815 principio
573 2737 703 2796 arbores
735 2736 1044 2817 consanguineitatis
1067 2750 1098 2796 et
1122 2734 1297 2814 affinitatis,
1323 2752 1353 2799 et
1378 2739 1490 2819 incipit

230 2837 440 2900 »Humanum
464 2861 599 2921 genus«,
624 2857 655 2903 et
679 2842 710 2902 in
728 2841 790 2904 fine
807 2843 909 2924 prime
927 2842 1043 2924 pagine
1061 2842 1193 2903 secundi
1219 2842 1287 2905 lolii
1314 2843 1383 2905 finit
1404 2845 1489 2905 »sine

226 2943 318 3026 culpa
352 2947 593 3024 comedimus«,
628 2963 658 3008 et
691 2948 722 3008 in
758 2946 821 3010 fine
857 2949 931 3009 llbri
973 2947 1041 3008 finit
1081 2950 1188 3030 »quod
1227 2950 1342 3012 viderit
1366 2965 1489 3032 patrem

226 3049 431 3114 facientem«.

332 3159 421 3236 ltem,
447 3180 529 3221 unus
553 3161 634 3222 liber
660 3162 875 3223 Decretalium
901 3165 940 3224 ad
974 3164 1107 3225 modum
1141 3165 1364 3244 novissimum,
1389 3185 1418 3228 et
1444 3168 1489 3229 in·

228 3264 304 3344 cipit
334 3264 530 3346 »Gregorius
554 3267 756 3348 episcopus«,
781 3283 812 3329 et
837 3269 868 3329 in
902 3268 964 3331 fine
989 3271 1092 3351 prime
1125 3271 1241 3351 pagine
1267 3270 1336 3334 finit
1364 3293 1489 3353 »perso-

229 3368 317 3430 nales
342 3370 571 3452 proprietates«
601 3373 631 3432 in
657 3387 756 3451 textu,
781 3387 811 3434 et
837 3375 868 3434 in
892 3373 955 3435 fine
981 3376 1052 3436 libri
1082 3374 1151 3437 finit
1175 3376 1322 3438 similiter
1347 3379 1376 3438 in
1404 3393 1490 3440 textu

233 3473 439 3556 »homagium
465 3478 709 3560 compellatur«.

335 3600 423 3676 item,
449 3622 549 3662 unum
575 3603 662 3664 aliud
690 3604 859 3666 Decretum
879 3605 1027 3667 similiter
1044 3606 1083 3666 ad
1101 3607 1234 3667 modum
1260 3609 1442 3688 antiquum,
1460 3625 1490 3670 et

230 3706 325 3767 habet
352 3708 382 3767 in
408 3709 568 3790 principio
604 3730 729 3792 semper
760 3711 867 3791 glosas
892 3712 931 3773 de
966 3712 1079 3774 litteris
1112 3715 1342 3795 capitularibus
1369 3717 1490 3797 »prima

230 3831 320 3893 pars«
347 3815 511 3896 scriptum,
536 3830 566 3876 et
599 3817 629 3876 in
665 3816 726 3877 fine
759 3818 860 3898 prime
896 3819 1011 3900 pagine
1043 3819 1175 3879 secundi
1210 3819 1278 3881 lolii
1311 3820 1381 3883 finit
1408 3842 1490 3903 »que

230 3934 391 3981 menstrua
416 3937 614 3982 menstruum
639 3924 788 4004 patitur«,
818 3939 849 3985 et
880 3924 1027 3985 similiter
1059 3923 1127 3986 finit
1164 3927 1269 4008 »quod
1296 3928 1410 3989 viderit
1435 3949 1490 4010 pa-

228 4040 306 4086 trem
333 4024 544 4089 facientem«.'

333 4133 422 4211 item,
447 4154 509 4194 una
534 4136 596 4196 alia
615 4135 791 4197 Decretalis
807 4137 955 4199 similiter
977 4138 1016 4199 ad
1035 4139 1169 4200 modum
1187 4140 1409 4215 novissimum,
1428 4162 1490 4222 que

227 4254 274 4299 est
298 4255 447 4321 corrupta
472 4240 664 4305 humiditate
682 4244 712 4303 in
731 4245 914 4305 summitate
932 4244 1016 4322 libri,
1041 4260 1072 4307 et
1094 4246 1205 4327 incipit
1222 4247 1370 4307 similiter
1392 4247 1489 4309 »Gre-

227 4347 337 4426 gorius
362 4348 563 4430 episcopus«,
601 4350 687 4410 etin
719 4348 783 4411 fine
818 4351 920 4432 prime
954 4353 1069 4433 pagine
1101 4353 1232 4414 secundi
1268 4352 1336 4414 folii
1363 4354 1432 4415 finit
1458 4356 1488 4416 in

229 4465 315 4513 textu
345 4453 496 4533 »quidem
522 4470 553 4516 et
586 4456 812 4533 inneffabilis«,
845 4472 875 4518 et
908 4458 939 4519 in
969 4457 1031 4520 fine
1069 4458 1140 4521 libri
1165 4459 1235 4521 linit
1260 4461 1291 4521 in
1314 4462 1403 4541 glosa
1432 4463 1489 4522 ›de

227 4558 327 4637 pactis
355 4559 556 4639 pacciones«.

332 4680 422 4760 Item,
448 4702 510 4744 una
536 4684 599 4745 alia
624 4684 800 4748 Decretalit
823 4687 864 4748 ad
889 4689 1022 4750 modum
1057 4669 1238 4771 antiquum,
1262 4706 1293 4753 et
1318 4692 1430 4774 incipit
1456 4692 1488 4752 in

227 4800 313 4848 textu
342 4787 538 4871 »Gregorius
561 4790 764 4875 episcopus«,
787 4807 819 4856 et
843 4793 876 4856 in
899 4792 963 4857 fine
986 4796 1091 4884 prime
1120 4797 1237 4881 pagine
1261 4799 1393 4861 secundi
1420 4795 1491 4867 lolii
