3420 5250
766 300 916 362 Rationes.
1424 302 1489 385 287

330 515 406 576 Item
434 513 510 575 feria
544 515 640 576 tercia
673 529 747 576 ante
779 512 896 576 festum
929 515 1172 577 Trnnslacionis
1205 536 1227 578 s.
1252 515 1430 593 Benedicti,
1456 517 1486 576 in

225 621 408 684 Gemlech:
436 622 565 682 Andree
588 621 723 682 tubicini
748 620 897 684 dedi...
921 621 979 685 sol.
1003 619 1049 685 11⁰.

328 728 493 810 Stephano
518 727 663 789 Brsdtch
681 778 686 787 .
707 773 739 791 ..
765 729 823 790 sol.
848 725 895 790 11⁶.

327 850 520 932 (Rationr'bus
542 854 588 911 his
619 853 721 911 addita
753 860 796 911 est
816 853 866 911 hec
888 855 1007 927 epistola
1016 857 1040 920 r)
1071 852 1207 934 Egregie
1231 853 1279 913 vir
1303 852 1436 914 domine
1460 867 1491 913 et

221 960 323 1021 amice
348 959 451 1020 Nobis
475 957 676 1021 honorande.
701 957 835 1019 Noverit
868 957 906 1018 V.
933 957 967 1022 E.
991 959 1080 1039 quod
1113 979 1173 1020 nos
1196 979 1234 1020 ex
1259 959 1489 1021 commissione

220 1064 344 1125 domini
378 1063 650 1124 Reverendissimi
683 1063 732 1124 his
764 1062 892 1124 duobus
923 1061 1136 1125 familiaribus
1167 1064 1303 1141 domini,
1337 1063 1489 1126 videlicet

222 1170 360 1231 Nicolao
386 1170 449 1231 Bor
474 1183 504 1231 et
529 1169 701 1231 Francisco
733 1169 883 1231 dedimus
915 1189 972 1252 pro
1005 1171 1152 1251 expensis
1184 1170 1320 1232 cuilibet
1344 1170 1488 1251 ipsorum

222 1275 290 1339 flor.
314 1277 407 1354 duos,
432 1295 468 1337 ac
494 1275 566 1336 misi
591 1275 683 1336 vobis
707 1276 773 1337 duo
805 1294 901 1356 parva
933 1277 1061 1337 vascula
1093 1276 1200 1357 plens,
1234 1276 1332 1357 vulgo
1357 1275 1489 1337 nomine

223 1382 452 1464 Potanthepor.
485 1382 531 1443 Ex
565 1381 817 1443 Pechwsradino
849 1380 927 1443 feris
958 1382 1056 1444 tercia
1091 1383 1237 1464 proxima
1269 1395 1342 1464 post
1372 1379 1487 1444 festum

224 1489 307 1548 beati
332 1488 489 1549 Johunnis
514 1487 667 1549 Bnbtiste.
692 1493 788 1548 Anno
813 1486 945 1548 Domini
976 1487 1067 1568 1482.

753 1593 928 1676 Dyonisius
952 1593 1067 1655 Chuba
1091 1594 1238 1676 provisor
1262 1595 1349 1656 curie

751 1698 1055 1776 Pechwaradiensis,
1080 1699 1202 1760 amicus
1227 1698 1347 1763 Vester.

333 1804 535 1887 (Inscriptio.)
572 1804 711 1885 Egregio
748 1804 881 1866 Alberto
914 1805 1085 1888 Theryek,
1124 1805 1284 1887 personali
1325 1806 1488 1888 presencie

226 1911 498 1973 Reverendissimi
516 1911 640 1971 domini
659 1911 769 1988 nostri,
794 1910 918 1972 domini
936 1911 1083 1990 Osualdi,
1101 1911 1244 1995 episcopi
1262 1912 1478 1994 zogrtbiensis

225 2017 359 2079 domino
385 2031 415 2078 et
439 2017 544 2078 amico
570 2018 712 2099 ipsorum
738 2016 938 2083 honorando
