3428 5256
226 335 283 416 176
753 333 935 394 Inventaria.

221 545 336 628 pagine
361 543 491 605 secundi
519 541 589 604 lolii
614 541 685 605 finit
709 562 923 624 »organorum
942 558 988 604 est
1011 557 1110 621 tam«,
1135 543 1213 605 etin
1240 542 1303 605 fine
1327 543 1409 606 libri
1427 543 1510 608 finit

224 652 369 713 »nullum
393 650 473 710 vidit
497 669 686 731 umquam«,
711 665 741 711 et
765 640 811 711 est
836 665 1007 732 coopertus
1031 670 1240 732 pergameno.

327 757 416 834 ltem,
441 775 542 817 unum
566 756 721 817 volumen
747 756 777 817 in
804 776 869 839 quo
888 756 1070 818 continetur
1093 769 1198 818 textus
1222 756 1262 818 de
1287 756 1401 818 anima
1420 777 1505 821 cum

222 865 341 926 lectura
366 861 522 940 eiusdem,
556 881 614 923 nec
647 882 712 924 non
745 877 849 925 cetera
881 863 982 925 multa
1016 864 1221 925 continentur
1245 863 1276 924 in
1302 862 1439 944 eodem,
1467 880 1506 928 et

222 969 334 1051 incipit
361 969 413 1029 »ln
439 968 535 1030 corde
560 983 667 1030 autem
696 966 756 1031 suit
788 971 921 1048 virtus«,
951 985 982 1031 et
1007 969 1038 1030 in
1071 968 1133 1031 fine
1165 969 1239 1031 libri
1263 967 1334 1031 finit
1362 968 1504 1036 »forme

222 1077 272 1137 vel
297 1088 436 1157 utroque
462 1074 594 1152 modo«,
619 1088 649 1136 et
672 1089 757 1137 caret
781 1076 975 1158 copertorio.

329 1182 359 1243 ln
383 1185 533 1257 margine:
558 1181 635 1241 ltem
661 1201 744 1243 unus
768 1182 849 1244 liber
881 1182 1062 1244 antidotum
1096 1182 1234 1260 Nicolai,
1259 1195 1289 1243 et
1313 1181 1432 1264 incipit
1457 1185 1500 1247 in

222 1291 314 1370 nigro
342 1288 511 1370 »operacio
536 1287 728 1366 medicine«,
753 1301 784 1349 et
807 1287 876 1350 finit
903 1289 993 1350 »Deo
1016 1289 1150 1370 gracias.
1175 1294 1312 1350 Amene.

327 1396 416 1473 Item,
442 1415 541 1456 unum
560 1395 648 1456 aliud
671 1396 823 1457 volumen
842 1398 1011 1459 continens
1036 1398 1068 1457 in
1085 1418 1117 1457 se
1136 1397 1277 1458 diversas
1301 1396 1501 1478 questiones

222 1503 252 1563 in
280 1502 415 1563 naturali
442 1501 573 1584 phisica,
599 1515 629 1563 et
654 1503 766 1584 incipit
794 1504 940 1584 »questio
964 1504 1066 1585 pridie
1093 1503 1253 1586 disputata
1279 1501 1372 1580 tuit«,
1398 1518 1432 1566 et
1459 1505 1497 1567 in

222 1607 284 1670 fine
309 1608 381 1669 libri
407 1606 476 1669 finit
503 1608 699 1669 »secundum
718 1609 851 1671 modum
877 1631 932 1672 sue
951 1612 1126 1689 essentie«,
1151 1625 1182 1672 et
1208 1624 1254 1672 est
1279 1622 1432 1692 copertus
1449 1611 1495 1672 de

222 1735 431 1798 pergameno.

327 1824 417 1902 ltem,
441 1844 542 1885 unum
567 1824 655 1886 aliud
687 1825 840 1886 volumen
880 1826 1049 1887 continens
1081 1826 1111 1887 in
1143 1845 1176 1886 se
1212 1826 1365 1908 scriptum
1390 1844 1495 1908 super

225 1931 344 1992 librum
370 1931 560 1993 animalium
585 1951 656 1993 cum
680 1932 771 1993 certis
788 1933 859 1993 aliis
876 1933 1100 2014 questionibus
1123 1933 1276 1994 naturalis
1300 1931 1434 2013 phisice,
1461 1947 1495 1996 ct

222 2037 334 2119 incipit
359 2039 389 2098 in
424 2038 516 2119 nigro
552 2038 605 2099 »ln
638 2039 770 2101 nomine
802 2038 925 2100 domini
959 2039 1058 2099 nostri
1092 2038 1183 2100 lhesu
1221 2038 1374 2114 Christi«,
1399 2053 1432 2099 et
1458 2039 1493 2101 in

220 2145 321 2224 prima
347 2145 463 2226 pagina
488 2144 619 2206 secundi
645 2142 714 2207 folii
739 2143 809 2206 finit
841 2159 967 2206 »tamen
1002 2145 1033 2206 in
1067 2145 1114 2206 eis
1148 2145 1178 2206 in
1207 2145 1430 2226 cognicionu,
1459 2159 1493 2207 et

222 2247 291 2310 finit
319 2251 603 2332 »incomplementi
629 2264 675 2312 est
700 2265 846 2329 natura«,
871 2265 902 2313 et
926 2265 1009 2313 caret
1035 2252 1229 2334 copertorio.

329 2356 417 2434 ltem,
442 2371 531 2417 vetus
557 2377 606 2417 ars
629 2355 812 2436 artificialis,
849 2371 979 2439 coperta
1004 2359 1187 2440 copertorio
1212 2358 1251 2418 de
1277 2375 1491 2439 pargameno.

328 2462 417 2540 ltem,
441 2477 545 2523 textus
569 2463 673 2524 tocius
698 2463 781 2524 loice
806 2483 889 2524 nove
914 2477 944 2525 et
961 2464 1093 2545 antique
1110 2462 1294 2541 artificialis,
1319 2475 1350 2523 et
1374 2461 1492 2544 incipit

225 2588 297 2630 cum
324 2569 449 2630 rubrica
478 2569 654 2650 »incipiunt
679 2569 800 2650 lsages,
825 2584 855 2630 et
880 2570 910 2630 in
944 2568 1007 2630 fine
1040 2570 1112 2630 libri
1137 2568 1207 2630 finit
1234 2569 1292 2630 »ad
1316 2587 1414 2629 omne
1439 2587 1490 2629 re-

223 2695 306 2737 rum.
331 2680 469 2754 Arnen«,
494 2689 642 2757 copertus
666 2676 833 2738 asseribus.

329 2781 418 2859 ltem,
436 2781 660 2863 probleumata
677 2802 849 2864 parvorum
859 2781 897 2862 (i)
916 2782 1122 2859 naturalium,
1140 2796 1171 2843 et
1188 2782 1300 2864 incipit
1320 2780 1488 2842 »nondum

223 2889 253 2947 in
279 2888 471 2969 principio«,
496 2902 526 2948 et
551 2888 581 2949 in
607 2886 669 2949 fine
694 2888 766 2949 libri
793 2888 887 2949 habet
904 2889 1056 2949 omeliam
1082 2889 1165 2949 beati
1193 2889 1344 2950 Bernardi
1372 2907 1489 2968 super:

224 2995 339 3055 Missus
364 3008 419 3072 est,
444 3009 475 3055 et
500 2995 530 3054 in
555 2993 617 3056 fine
642 2995 715 3055 libri
740 2993 809 3056 finit
837 2995 1063 3056 »devotissime
1089 2995 1279 3058 destinavi«.

329 3100 418 3178 ltem,
444 3115 662 3162 commentum
701 3102 815 3162 veteris
844 3101 919 3162 artis
945 3102 975 3161 in
1000 3102 1124 3183 papir0,
1157 3116 1322 3184 copertum
1348 3100 1387 3161 de
1413 3120 1485 3181 par·

222 3227 372 3288 &mmo

333 3315 420 3394 ltem,
446 3314 631 3396 questiones
655 3334 749 3395 super
773 3333 869 3396 parva
893 3319 957 3392 (sic)
983 3315 1140 3376 naturalia
1167 3315 1198 3375 in
1224 3315 1365 3397 quodam
1391 3313 1486 3374 volu·

224 3422 309 3482 mine
335 3421 374 3482 de
400 3441 515 3501 magna
541 3419 654 3497 forma,
679 3439 843 3480 corrosum
869 3439 1063 3502 permutes,
1088 3435 1118 3481 et
1136 3436 1220 3482 caret
1237 3421 1430 3504 copertori0,
1455 3435 1486 3481 et

225 3528 336 3608 incipit
364 3540 532 3588 »tractatus
557 3526 596 3586 de
621 3527 839 3588 actuacionec.

331 3632 406 3694 Item
422 3652 521 3693 unum
540 3632 692 3692 volumen
708 3632 738 3692 in
750 3632 933 3712 astrologia,
947 3633 1115 3695 continens
1125 3635 1216 3716 plura
1230 3633 1486 3714 astronomia(m)

224 3740 465 3817 concernenc'ta,
490 3754 520 3800 et
545 3758 617 3800 curn
643 3738 761 3799 tabulis
786 3752 816 3800 et
848 3740 1026 3800 canonibus
1058 3741 1134 3819 suis,
1171 3761 1228 3802 nec
1254 3761 1318 3802 non
1344 3740 1486 3801 theorice

223 3848 422 3928 planetarum
449 3847 479 3906 in
505 3866 569 3907 uno
594 3846 759 3907 volumine
785 3846 824 3907 de
849 3846 959 3928 pulcra
984 3847 1086 3924 litera,
1124 3847 1244 3908 habens
1269 3849 1300 3908 in
1325 3846 1486 3928 principio

225 3953 457 4029 kalendarium,
483 3966 512 4013 et
538 3953 650 4034 incipit
674 3972 746 4012 cum
772 3953 896 4014 rubrica
933 3953 1112 4035 ›lncipiunt
1149 3972 1288 4014 canones
1323 3973 1418 4034 supet
1442 3952 1487 4015 al·

226 4078 373 4134 monac«,
408 4072 438 4118 et
472 4059 502 4118 in
535 4057 597 4119 fine
629 4058 701 4120 libri
732 4057 801 4118 finit
836 4059 913 4141 »ipsi
951 4059 1045 4142 plena
1071 4079 1108 4121 ac
1143 4078 1206 4120 non
1244 4060 1487 4141 corporaliter«,

226 4181 384 4247 copertus.

332 4272 420 4348 ltem,
445 4291 544 4331 unum
577 4272 730 4332 volumen
763 4271 794 4331 in
828 4291 893 4352 quo
926 4271 1131 4333 continentur
1164 4272 1349 4353 questiones
1380 4273 1484 4353 quarti

226 4378 443 4456 Summarum,
469 4398 525 4438 nec
545 4398 607 4437 non
626 4378 812 4458 questiones
826 4379 856 4437 in
883 4378 1018 4439 naturali
1033 4377 1165 4460 phisica,
1182 4392 1213 4440 et
1229 4379 1340 4461 incipit
1368 4380 1484 4442 »Trac-

224 4498 307 4546 tatus
332 4483 369 4543 de
395 4484 599 4544 accinacione
624 4485 777 4559 unitate«,
814 4497 844 4545 et
869 4485 900 4545 in
925 4482 988 4546 fine
1012 4484 1086 4546 libri
1110 4483 1179 4546 linit
1206 4485 1347 4547 ›eciam‹
1375 4506 1485 4547 carens

225 4589 264 4651 de
290 4591 350 4651 isto
375 4591 567 4672 copertorio.

332 4696 421 4774 ltem,
447 4717 529 4758 unus
554 4697 634 4758 liber
658 4716 768 4758 carens
788 4696 949 4781 principio
972 4709 1004 4758 et
1019 4692 1095 4777 line,
1118 4697 1210 4760 cuius
1233 4698 1374 4781 primum
1398 4699 1484 4783 capi·

225 4801 330 4864 tulum
354 4802 442 4884 quod
467 4816 610 4886 apparet,
634 4803 722 4884 quod
747 4817 794 4866 est
817 4803 966 4886 quintum
999 4800 1032 4864 itt
1063 4801 1178 4867 ordine
1202 4803 1288 4883 libri,
1312 4803 1428 4889 incipit
1451 4805 1485 4868 in
