3428 5256
809 1331 904 1410 Xlll.

226 1545 362 1642 (Anno)
409 1542 520 1621 1515.
559 1544 771 1643 Registrum
808 1544 943 1621 factum
977 1569 1086 1645 super
1123 1547 1291 1645 expensis
1329 1546 1492 1623 infacto

226 1668 346 1745 balnei
392 1669 616 1744 dominorum
652 1668 974 1745 Prebendatiorum
1015 1669 1201 1765 (ecclesie)
1239 1671 1491 1769 zagrabiensis

808 1794 919 1869 chori.

332 2004 409 2066 ltem
443 2005 548 2088 primo
580 2006 712 2087 quando
744 2004 862 2068 fecerat
900 2020 1005 2068 totum
1038 2005 1213 2086 collegium
1248 2005 1346 2068 citare
1382 2025 1489 2067 coram

230 2108 404 2172 Ordinatio
423 2111 554 2173 ecclesie
581 2112 809 2193 zagrabiensis‚
834 2126 951 2176 eotunc
978 2131 1036 2193 pro
1065 2112 1212 2174 relatoris
1237 2112 1403 2173 citacionis
1419 2132 1489 2173 exe·

226 2216 328 2277 cutori
347 2266 353 2280 .
371 2262 403 2280 ..
428 2216 500 2281 den.
525 2215 574 2280 VI.

332 2323 526 2385 Protestacio
552 2322 631 2385 lacta
656 2343 763 2385 coram
789 2322 964 2386 Ordinatio
999 2343 1134 2386 una...
1167 2321 1239 2383 den.
1264 2319 1297 2385 ll.
1321 2342 1417 2402 super
1441 2343 1491 2400 eo,

226 2428 314 2510 quod
342 2429 504 2490 debuisset
529 2429 617 2511 prius
648 2448 707 2491 nos
740 2429 901 2511 requirere
933 2449 1039 2491 coram
1074 2429 1216 2489 dominis
1241 2427 1394 2509 Capitulo
1420 2448 1489 2510 pre·

226 2531 294 2596 fato
319 2535 463 2612 ecclesie,
488 2551 583 2617 prout
616 2536 717 2598 eciam
751 2535 887 2597 fecimus
919 2535 1078 2597 informa
1111 2535 1281 2613 juramenti
1307 2535 1435 2613 clarius,
1459 2551 1490 2595 et

225 2659 318 2702 causa
344 2642 410 2722 ipsa
435 2640 494 2703 tuit
518 2641 558 2702 ad
584 2641 734 2703 dominos
758 2642 952 2703 reverendos
977 2656 1158 2724 provocata.

333 2746 409 2810 ltem
435 2747 467 2808 in
493 2749 596 2829 prime
622 2749 775 2809 instancia
800 2767 909 2809 coram
942 2747 1083 2809 dominis
1107 2746 1263 2828 Capitulo
1287 2747 1486 2827 zagrabiensi

245 2852 264 2913 d
289 2854 440 2916 victualia
464 2855 663 2937 procuratori
689 2855 720 2915 in
746 2855 884 2914 termino
916 2854 1050 2935 expositi
1076 2867 1228 2914 sunt...
1253 2852 1327 2915 den.
1353 2853 1421 2916 XV.

329 2960 405 3022 ltem
431 2961 537 3023 eidem
561 2962 758 3043 procuratori
788 2961 819 3021 in
846 2980 939 3021 causa
973 2960 1039 3041 ipsa
1072 2978 1173 3040 usque
1199 2957 1295 3019 finem
1323 2959 1387 3020 litis
1411 2979 1486 3020 con-

225 3066 339 3128 vencio
363 3064 445 3129 facta
471 3065 531 3128 fuit
556 3066 624 3129 flor.
648 3065 710 3143 Vt,
738 3067 782 3127 uti
808 3067 840 3126 in
865 3067 970 3148 primo
995 3065 1123 3125 instanti
1150 3063 1262 3125 habuit
1279 3112 1285 3124 .
1304 3112 1311 3126 .
1327 3114 1334 3128 .
1353 3063 1420 3126 flor.
1437 3061 1484 3125 ΙΙΙ.

331 3173 407 3235 ltem
433 3173 560 3235 cuidam
586 3173 709 3235 doctori
737 3173 840 3234 Rosso
865 3191 923 3254 pro
942 3170 1175 3232 informatione
1200 3169 1305 3231 danda
1331 3170 1396 3231 dati
1414 3184 1489 3232 sunt

307 3279 375 3342 flor.
400 3278 444 3355 ll,
469 3294 586 3340 eotunc
610 3279 814 3360 Zagrabiensi
840 3278 1010 3340 laboranti.

331 3387 407 3448 ltem
434 3386 560 3447 notario
577 3404 671 3447 cause
696 3405 752 3466 per
769 3385 1002 3446 annicirculum
1028 3403 1129 3465 usque
1146 3383 1342 3444 sentenciam
1369 3382 1489 3443 diffini·

224 3493 333 3569 tivam,
359 3492 609 3573 protestaciones
634 3505 664 3550 et
689 3490 750 3551 alia
774 3490 890 3570 scripta
924 3488 1004 3550 lacta
1034 3508 1090 3569 per
1114 3507 1200 3566 eum,
1225 3487 1319 3550 datus
1343 3502 1389 3549 est
1414 3533 1421 3547 .
1447 3535 1455 3550 .
1482 3525 1489 3538 ·

225 3598 293 3663 flor.
320 3598 341 3662 1.
367 3617 424 3680 pro
449 3598 569 3660 labore.

329 3704 407 3765 ltem
431 3724 489 3784 pro
513 3705 611 3785 pariis
635 3703 799 3763 literatum
824 3721 880 3784 per
902 3700 1079 3782 A(ctorem)
1105 3700 1336 3782 productorum
1363 3700 1394 3761 in
1419 3700 1485 3761 vim

224 3810 439 3893 probacionis,
464 3811 590 3871 notario
615 3809 680 3870 dati
705 3823 779 3870 sunt
796 3856 803 3872 .
822 3856 854 3871 ..
879 3808 950 3873 den.
973 3804 1042 3870 XX.

330 3917 407 3979 ltem
433 3936 663 3999 pergamenum
690 3935 748 3998 pro
771 3916 932 3977 sentencia
959 3914 1205 3976 diffinitiva...
1231 3913 1303 3976 den.
1328 3911 1397 3976 XX.

329 4024 407 4086 ltem
432 4043 491 4105 pro
516 4024 617 4084 serico
642 4039 671 4083 et
696 4042 841 4086 cera...
866 4022 939 4087 den.
962 4019 1026 4085 Xll.

329 4129 405 4192 ltem
431 4149 489 4211 pro
513 4129 714 4210 sigillatione
739 4129 900 4190 sentencie
933 4127 1104 4190 diffinitive
1128 4127 1252 4189 domini
1279 4126 1481 4208 Capitulares

223 4240 358 4301 omnino
382 4238 534 4300 volebant
559 4237 675 4299 habere
701 4237 768 4300 flor.
794 4235 869 4314 Xll.,
900 4236 955 4297 sed
980 4256 1036 4318 per
1067 4235 1340 4318 supplicationem
1366 4234 1468 4315 probo

223 4366 292 4408 rum
318 4360 506 4429 receperunt
530 4345 599 4408 flor.
625 4364 736 4408 unum.

329 4454 406 4515 ltem
432 4454 557 4514 notario
588 4471 646 4535 pro
680 4452 834 4534 scriptura
867 4449 1011 4513 eiusdem
1043 4448 1205 4511 sentencie
1238 4447 1303 4509 dati
1336 4459 1486 4515 sunt...

223 4561 285 4622 den
322 4557 399 4638 XX,
423 4575 454 4622 et
479 4561 530 4622 vix
556 4559 699 4642 placatus
724 4557 793 4623 fuit.

329 4665 405 4726 ltem
432 4667 462 4728 in
489 4665 570 4728 festo
593 4666 762 4727 beatorum
788 4662 933 4726 Gervasii
959 4677 990 4726 et
1021 4660 1176 4722 Prothasii
1202 4659 1283 4722 facta
1308 4672 1354 4719 est
1377 4656 1486 4739 appel-

223 4773 306 4836 lecio
329 4791 389 4856 pro
412 4787 501 4855 parte
526 4772 764 4856 exponenciurn
795 4770 836 4832 ad
868 4768 1113 4833 sanctissimum
1145 4766 1315 4828 dominum
1341 4762 1485 4823 Leonem
