3428 5256
770 335 953 395 Inventam.

223 567 301 630 pore
326 549 608 631 quadragesimali,
634 549 673 610 de
698 548 773 610 albo
797 563 828 611 et
860 548 1012 610 celestino
1043 548 1161 610 colore.
1195 547 1313 609 Datum
1337 548 1487 611 similiter

224 672 281 736 per
304 654 455 717 eundem.

330 761 419 839 ltem,
443 782 526 823 unus
550 782 675 844 pannus
698 762 738 824 de
765 762 891 824 duabus
908 762 1007 845 peciis
1031 761 1070 822 de
1095 760 1234 822 athlazio
1259 761 1402 823 celestini
1428 780 1480 822 co·

226 866 314 945 loris,
339 867 426 948 quod
444 869 526 930 solet
549 869 626 951 poni
643 870 683 941 ‚in
700 869 894 930 Parasceven
913 868 952 929 ad
970 867 1176 949 sepulchrum
1195 867 1338 945 Domini,
1362 883 1393 928 et
1411 886 1481 948 por·

225 987 309 1034 tatur
333 973 494 1035 interdum
520 975 551 1036 in
570 972 651 1036 festo
668 975 811 1058 corporis
828 973 947 1036 Christi
965 993 1023 1056 pro
1039 973 1204 1055 papilione
1222 974 1253 1033 in
1272 972 1487 1053 processione.

332 1078 408 1141 ltem
435 1081 500 1142 duo
526 1081 680 1143 mensalia
706 1100 820 1161 magna
846 1095 876 1142 et
900 1081 966 1142 duo
1000 1080 1198 1161 manutergia
1224 1081 1420 1142 communia.

332 1185 409 1247 ltem
436 1207 535 1249 unum
560 1187 648 1249 aliud
667 1188 917 1268 manutergium,
939 1187 1026 1268 quod
1044 1187 1126 1247 solet
1142 1205 1238 1268 super
1262 1205 1378 1268 corpus
1395 1186 1488 1248 lnno·

226 1292 326 1354 centis
349 1295 438 1375 poni.

330 1398 409 1460 ltem
434 1420 535 1461 unum
559 1398 755 1462 aurifrisium
780 1401 916 1482 longum
941 1415 973 1463 et
989 1401 1090 1462 latum
1104 1419 1177 1461 cunt
1203 1418 1282 1461 auro
1306 1412 1488 1462 consutum.

332 1505 409 1567 ltem
435 1506 523 1567 aliud
549 1506 655 1567 minus
679 1520 710 1567 et
733 1507 915 1587 antiquum.

229 1697 437 1779 Sequitur
471 1701 761 1762 inventarium
794 1701 841 1761 de
873 1701 994 1778 albis,
1026 1699 1321 1761 humeralibus
1345 1714 1384 1761 et
1408 1699 1489 1761 cin·

694 1807 810 1888 gulis
834 1822 873 1868 et
896 1807 1034 1869 stolis.

333 1947 422 2024 ltem,
448 1949 577 2010 invente
601 1963 675 2010 sunt
699 1949 810 2030 viginti
835 1949 908 2010 albe
933 1949 1014 2009 inter
1034 1948 1218 2030 solempnes
1242 1962 1272 2009 et
1297 1948 1405 2008 minus
1428 1948 1491 2009 sol-

228 2054 384 2135 lempnes,
408 2073 466 2135 pro
491 2055 604 2116 maiori
630 2070 718 2137 parte
743 2057 782 2116 de
808 2056 893 2116 bona
917 2055 990 2116 tela.

334 2159 423 2238 Item,
447 2161 559 2241 viginti
578 2161 731 2222 umeralia
749 2176 780 2223 et
798 2175 863 2223 tota
880 2161 1059 2242 solempnia
1083 2175 1113 2223 et
1137 2160 1334 2238 communia,
1352 2179 1489 2242 quorum

229 2286 328 2327 unum
354 2281 400 2328 est
431 2287 503 2327 cum
536 2267 634 2349 perlis
665 2281 849 2328 contextum
882 2267 913 2327 in
946 2285 1054 2348 panno
1086 2267 1199 2328 sericio
1233 2266 1337 2327 blavei
1362 2265 1491 2343 coloris,

227 2393 301 2434 cum
326 2374 469 2454 quinque
495 2373 656 2455 lapidibus
678 2373 787 2435 viridis
810 2373 938 2450 coloris,
963 2374 995 2434 in
1019 2392 1098 2434 auro
1123 2373 1239 2454 ligatis.

335 2479 424 2558 Item,
449 2499 511 2541 una
536 2481 621 2558 alba,
644 2479 821 2557 humerale,
839 2479 1024 2561 manipulus
1041 2493 1071 2540 et
1087 2478 1169 2540 stola
1194 2479 1224 2538 in
1243 2476 1367 2559 capella
1384 2490 1491 2538 sancte

229 2586 407 2668 Elyzabeth
433 2586 578 2648 habetur.

335 2692 425 2771 ltem,
449 2692 537 2754 aliud
556 2693 698 2754 umerale
715 2712 788 2754 cum
805 2691 980 2753 luminibus
997 2691 1155 2772 argenteis
1172 2690 1332 2751 deauratis
1348 2704 1379 2750 et
1395 2689 1493 2771 perlis

229 2799 452 2860 minutissimis
475 2812 505 2860 et
530 2799 691 2882 lapidibus
719 2798 913 2881 quibusdam
946 2798 978 2858 in
1009 2816 1118 2879 panno
1143 2798 1243 2859 rubeo
1266 2796 1380 2858 sericio
1414 2814 1490 2856 con·

230 2918 362 2968 textum.

337 3012 426 3089 ltem,
452 3032 552 3073 unum
571 3011 658 3073 aliud
677 3011 716 3072 de
734 3031 841 3093 panno
859 3010 1073 3092 damasquino
1091 3028 1188 3071 aureo
1207 3010 1237 3070 in
1253 3029 1366 3091 campo
1384 3010 1494 3071 rubeo.

337 3116 425 3194 ltem,
451 3138 550 3179 unum
585 3117 672 3179 aliud
704 3117 743 3178 de
778 3117 887 3178 veluto
920 3114 1055 3196 hgurato
1089 3135 1162 3177 cum
1187 3116 1300 3177 avibus
1324 3115 1428 3176 aureis
1461 3115 1491 3174 in

231 3242 345 3304 campo
371 3225 481 3300 rubeo,
507 3243 636 3285 novum

338 3329 426 3406 ltem,
456 3329 543 3390 aliud
577 3329 617 3390 de
648 3328 809 3390 aurifrisio
837 3349 909 3390 cum
944 3330 1056 3391 ceteris
1080 3321 1301 3410 compassibus
1325 3327 1364 3388 de
1389 3327 1491 3388 serico

231 3436 321 3496 rubei
347 3451 377 3496 et
401 3437 511 3496 viridis
535 3437 661 3497 coloris.

338 3541 427 3619 ltem,
459 3562 560 3603 unum
594 3542 682 3603 aliud
715 3542 754 3603 de
787 3562 895 3623 panno
927 3561 1026 3603 aureo
1058 3561 1131 3603 cum
1163 3542 1256 3602 certis
1290 3541 1495 3625 ymaginibus

232 3649 362 3709 leonum
389 3663 420 3708 et
443 3648 631 3709 animalium
658 3649 688 3708 in
715 3667 829 3730 campo
855 3651 979 3722 rubeo;
1003 3647 1065 3709 alia
1091 3667 1166 3708 vero
1191 3647 1387 3709 communia.

339 3755 428 3831 ltem,
455 3775 516 3815 una
534 3756 615 3816 stola
633 3754 812 3816 aurifrisata
827 3775 899 3816 cum
917 3756 1124 3836 ymaginibus
1139 3769 1322 3815 sanctorum
1348 3753 1387 3814 de
1405 3773 1494 3829 auro,

232 3861 263 3921 in
290 3879 428 3941 quorum
454 3860 700 3942 dyadematibus
724 3876 797 3922 sunt
814 3862 901 3943 perle
924 3876 955 3922 et
979 3861 1077 3922 corali
1103 3862 1135 3922 in
1153 3879 1267 3943 campo
1292 3861 1403 3936 rubeo,
1421 3861 1493 3919 sub·

232 3968 325 4029 ducta
351 3967 389 4027 de
414 3967 550 4028 cendato
575 3968 679 4028 blavei
706 3968 822 4028 coloris
846 3970 967 4048 absque
997 3968 1165 4048 manipulo
1189 3967 1297 4030 simili.

339 4073 427 4150 ltem,
454 4093 515 4134 una
540 4075 621 4135 stola
647 4072 686 4134 de
711 4074 819 4135 veluto
849 4072 984 4154 figurato
1017 4074 1056 4134 ad
1090 4094 1163 4134 aves
1187 4094 1299 4134 aureas
1324 4075 1354 4134 in
1381 4093 1494 4156 campo

233 4180 332 4241 rubeo
357 4200 430 4240 cum
456 4180 616 4241 consimili
641 4179 819 4260 manipulo,
837 4180 992 4240 subducta
1017 4199 1088 4241 cum
1115 4180 1250 4240 cendato
1276 4179 1381 4241 viridi.

337 4286 425 4364 ltem,
450 4307 513 4348 una
538 4287 599 4348 alia
624 4288 705 4348 stola
730 4287 769 4348 de
795 4307 902 4368 panno
924 4307 1021 4348 aureo
1047 4287 1260 4368 damasquino
1285 4307 1357 4349 cum
1383 4287 1495 4347 ceteris

233 4393 454 4474 compassibus
479 4395 510 4453 in
543 4413 651 4474 panno
684 4413 782 4454 aureo
814 4413 887 4455 cum
917 4394 1013 4454 simili
1048 4393 1216 4474 manipulo
1241 4394 1397 4454 subducta
1423 4413 1494 4454 cen·

233 4498 319 4559 dano
344 4499 448 4561 viridi.

340 4604 428 4682 ltem,
453 4606 516 4667 due
541 4606 621 4666 stole
646 4606 686 4667 de
712 4605 820 4667 veluto
844 4606 962 4687 griseo,
990 4606 1149 4668 subducto
1174 4607 1320 4668 cendano
1347 4606 1449 4667 viridi.

340 4713 429 4788 ltem,
452 4732 515 4774 una
539 4713 620 4774 stola
645 4713 684 4773 de
710 4732 818 4795 panno
847 4714 912 4774 sive
946 4716 1080 4775 camolia
1111 4715 1233 4777 sericeo
1257 4714 1352 4777 viridi
1378 4712 1495 4777 coloris

233 4838 305 4881 cum
330 4837 390 4879 sno
416 4818 593 4901 manipulo,
618 4819 774 4880 subducta
800 4838 908 4901 panno
933 4822 1034 4882 rubeo
1063 4820 1131 4882 sine
1156 4820 1301 4885 cendato.
