3428 5256
739 356 824 415 Anno
849 366 937 433 1475.
1427 377 1465 440 23

206 568 292 629 Luce
316 566 356 628 de
381 566 616 643 Hraztowicza,
641 585 698 647 pro
723 585 809 626 nunc
827 585 906 626 uxor
928 566 1084 646 legittima
1102 567 1234 649 Georgii
1254 567 1310 629 lilii
1337 569 1466 630 Martini

204 674 242 735 de
268 673 502 751 Hraztowicza,
535 671 624 733 dedit
655 687 686 732 et
717 672 901 753 propinavit
934 673 1042 734 omnia
1076 676 1160 735 bona
1192 689 1223 736 et
1251 675 1468 755 possessiones

203 800 286 859 suas,
310 779 478 841 videlicet:
502 775 640 841 fundum
665 797 722 839 seu
747 778 841 840 civile
866 779 897 840 in
923 779 1005 841 dicta
1023 780 1152 842 civitate
1177 794 1284 842 nostra
1311 781 1467 859 habitum,

203 905 301 969 penes
325 883 460 947 fundum
495 885 579 946 Petri
612 903 723 966 sporar
754 905 770 945 a
803 898 891 966 parte
923 886 1197 967 septemtrionali,
1229 907 1245 948 a
1278 900 1366 968 parte
1391 907 1467 948 vero

203 991 352 1053 orientali
386 1010 485 1073 penes
516 990 651 1051 domum
683 1010 739 1051 seu
772 987 933 1051 fornacem
968 1011 1088 1072 panum
1122 991 1245 1053 Nicolai
1279 994 1418 1070 sartoris,
1449 1014 1466 1054 a

204 1111 291 1180 parte
316 1116 393 1159 vero
417 1095 620 1158 meridionali
645 1110 676 1157 et
701 1095 893 1157 occidentali
912 1115 1011 1177 penes
1034 1098 1101 1158 vias
1126 1111 1156 1158 et
1173 1097 1295 1178 plateas
1319 1098 1466 1179 publicas

204 1218 309 1266 nostre
335 1203 489 1279 civitatis3
515 1203 589 1264 item
609 1201 783 1283 quemdam
809 1201 943 1263 luridum
963 1203 1122 1264 desertum
1149 1201 1282 1265 edificiis
1306 1219 1465 1266 carentem

204 1310 235 1371 in
258 1310 329 1372 vico
355 1310 453 1391 ipsius
470 1309 607 1370 civitatis
630 1307 865 1388 lutiligulorum
883 1309 1030 1369 exteriori
1051 1310 1132 1370 inter
1149 1307 1266 1370 fundos
1288 1309 1465 1371 liberorum

203 1415 340 1477 condam
366 1414 513 1495 Gregorii
539 1416 579 1476 ab
606 1434 678 1491 una,
704 1428 790 1496 parte
816 1434 891 1474 vero
925 1435 961 1474 ex
986 1414 1086 1476 altera
1113 1434 1332 1476 successorum
1358 1416 1467 1477 relicte

203 1520 341 1584 condam
366 1521 454 1581 Kusa
480 1533 602 1598 vocate,
627 1520 705 1581 olim
732 1520 915 1582 concivium
941 1533 1112 1598 nostrorm,
1134 1520 1173 1581 ad
1199 1540 1294 1583 unam
1320 1537 1465 1602 quartam

202 1646 236 1688 se
261 1626 507 1701 extendentem;
526 1627 601 1689 item
620 1625 793 1707 quamdam
811 1626 939 1687 vineam
958 1626 989 1687 in
1007 1627 1168 1688 territorio
1186 1640 1296 1689 nostro
1314 1627 1467 1705 habitam,

204 1734 287 1795 inter
309 1733 418 1794 vineas
442 1733 579 1793 condam
605 1732 734 1793 Thome
760 1730 893 1793 Cheden
928 1752 944 1793 a
975 1732 1178 1794 meridionali
1212 1746 1242 1792 et
1267 1733 1391 1793 Nicolai
1416 1752 1464 1793 su·

204 1840 282 1901 toris
304 1838 380 1901 dicti
405 1838 593 1900 Vrecharicz
624 1858 641 1897 a
673 1838 938 1918 septemtrionali,
982 1839 1058 1899 item
1091 1838 1228 1921 desuper
1263 1859 1281 1899 a
1307 1838 1355 1898 via
1381 1858 1466 1899 com-

205 1946 293 2007 muni
317 1959 349 2007 et
373 1943 454 2007 inlra
480 1964 581 2026 usque
615 1944 754 2005 rivulum
788 1963 928 2005 unacum
962 1945 1103 2026 virgulto
1135 1944 1239 2005 eidem
1263 1944 1356 2005 vinee
1381 1945 1467 2005 adia·

204 2051 306 2127 centi;
332 2053 408 2113 item
433 2052 597 2132 quandam
623 2065 737 2111 terram
763 2050 916 2111 arabilem
943 2051 974 2111 in
1007 2051 1167 2111 territorio
1191 2065 1301 2111 nostro
1326 2050 1466 2111 habitam

203 2157 244 2218 ad
268 2157 348 2219 duas
372 2157 422 2218 vel
448 2157 524 2218 citra
558 2156 684 2237 die(ta)s
716 2177 749 2217 se
781 2155 1006 2217 extendentem
1038 2157 1118 2217 inter
1149 2171 1247 2218 terras
1279 2156 1417 2217 arabiles
1449 2177 1466 2217 a

203 2276 291 2346 parte
315 2263 570 2345 septemtrionali
596 2262 729 2323 ecclesie
751 2263 849 2322 sancti
878 2262 987 2340 Marci,
1012 2276 1135 2343 aparte
1161 2281 1236 2322 vero
1262 2261 1466 2322 meridionali

203 2388 302 2451 penes
325 2384 441 2430 terram
466 2388 685 2430 successorum
711 2368 848 2429 condam
875 2368 1025 2429 Thoman
1061 2369 1203 2429 concivis
1228 2369 1339 2446 nostri,
1364 2369 1465 2450 ipsam

204 2475 430 2556 Magdalenam
456 2474 572 2556 partim
598 2473 665 2553 jure
689 2473 884 2535 hereditario
902 2473 1017 2555 partim
1040 2473 1108 2550 jure
1133 2473 1327 2555 posteritatis
1350 2487 1381 2534 et
1397 2492 1466 2534 suc-

203 2580 343 2642 cessorio
367 2600 384 2641 a
409 2578 540 2662 prelatis
566 2579 741 2640 Benedicto
768 2578 911 2639 institore
934 2592 1022 2659 patre
1047 2593 1077 2638 et
1102 2578 1204 2639 Paulo
1228 2578 1325 2660 priori
1351 2578 1466 2639 marito

204 2705 262 2747 suo
287 2699 547 2762 concernentem,
570 2684 659 2746 dedit
676 2698 706 2746 et
730 2685 913 2766 propinavit
930 2683 1052 2766 prelato
1071 2683 1229 2764 Gregorio
1254 2682 1320 2744 lilio
1339 2683 1465 2744 Martini

203 2792 243 2853 de
269 2792 423 2873 Ztepnicz
440 2791 598 2852 moderno
622 2792 738 2851 marito
755 2809 825 2864 suo,
851 2791 892 2850 ita
918 2789 1078 2868 videlicet,
1096 2788 1183 2870 quod
1202 2791 1299 2850 ambo
1323 2789 1467 2851 viventes

204 2898 289 2960 iuxta
314 2898 494 2960 libertatem
520 2909 627 2959 nostre
652 2896 790 2957 civitatis
807 2895 990 2977 disponant,
1011 2910 1083 2977 post
1107 2910 1242 2956 mortem
1269 2915 1344 2957 vero
1362 2896 1467 2974 unius,

202 3004 281 3066 alter
304 3005 514 3087 supervivens
539 3004 689 3085 disponat
714 3003 798 3062 iuxta
824 3022 914 3063 suam
939 3003 1158 3078 voluntatem3
1183 3003 1233 3063 cui
1260 3002 1332 3062 data
1358 3015 1404 3063 est
1429 3003 1465 3063 li·

202 3124 267 3172 tera
292 3111 513 3192 privilegialis.

308 3218 406 3291 Quod
424 3218 500 3299 quia
514 3217 728 3278 communitas
745 3215 882 3277 civitatis
897 3214 1176 3296 Montisgrecensis
1192 3213 1335 3275 vendidit
1354 3234 1465 3295 quem·

202 3323 276 3386 dam
300 3323 437 3385 fundum
463 3324 623 3384 desertum
649 3338 678 3383 et
702 3324 836 3384 domum
862 3336 1018 3382 muratam
1044 3321 1202 3381 desertam
1228 3320 1364 3382 condam
1390 3341 1462 3402 pro·

201 3429 265 3491 vidi
290 3430 348 3491 viri
375 3430 517 3491 Simonis
541 3428 597 3490 filii
623 3428 755 3510 Georgii
780 3429 820 3489 de
838 3427 996 3504 Veneciis,
1023 3429 1103 3487 inter
1128 3425 1246 3487 fundos
1279 3426 1398 3488 Mathis
1416 3447 1466 3487 su-

200 3538 288 3611 toris,
325 3556 342 3598 a
378 3552 466 3618 parte
502 3535 775 3617 septemtrionali,
811 3548 841 3594 et
878 3534 959 3594 inter
992 3532 1127 3594 fundum
1168 3547 1199 3593 et
1223 3533 1356 3593 domum
1384 3533 1467 3594 Petri

201 3642 332 3723 Sporar,
355 3642 505 3703 videlicet
537 3641 731 3718 amandis,
763 3660 798 3701 ac
833 3641 914 3700 inter
950 3640 1085 3700 domum
1122 3639 1250 3700 Nicolai
1287 3639 1466 3717 sartoris,a

200 3762 287 3831 parte
311 3749 473 3825 orientali,
508 3747 647 3809 mediam
679 3747 798 3807 curiam
821 3747 860 3806 ad
897 3765 987 3806 usum
1018 3759 1124 3806 nostre
1157 3745 1408 3822 communitatis,
1434 3765 1465 3805 se

200 3854 437 3932 extendentem,
463 3853 634 3914 Leonardo
651 3853 751 3913 sutori
769 3851 836 3912 filio
851 3851 983 3933 Georgii
1009 3851 1265 3933 Vnterscheyner
1289 3851 1329 3911 de
1349 3853 1463 3912 Ketten

199 3980 258 4043 pro
282 3980 399 4022 novem
425 3959 494 4021 flor.
519 3959 587 4021 auri
614 3958 681 4038 jure
706 3972 861 4040 perpetuo
894 3978 929 4019 ac
965 3957 1049 4034 juxta
1075 3957 1301 4019 condicionem
1327 3957 1466 4018 civitatis

199 4066 456 4149 disponendam3
481 4066 529 4127 cui
557 4066 630 4126 data
654 4080 701 4126 est
726 4064 816 4125 litera
841 4064 1059 4146 privilegialis.

199 4302 293 4376 leria
324 4314 449 4393 quarta
485 4304 641 4374 videlicet
666 4306 698 4372 in
737 4302 854 4391 vigilia
888 4300 1143 4372 Purificacionis
1174 4299 1316 4387 virginis
1350 4299 1465 4371 llarie.

709 4470 750 4531 (1.
783 4457 953 4529 februarii).

307 4598 384 4659 rtem
409 4598 562 4659 dominus
580 4597 716 4658 Mathias
734 4597 891 4678 plebanus
908 4596 946 4655 de
966 4596 1142 4656 Kranesina
1168 4596 1264 4677 polya
1291 4592 1376 4655 lilius
1393 4594 1465 4656 Cle·

198 4704 327 4783 mentis,
351 4704 494 4766 concivis
517 4719 635 4781 noster,
660 4702 793 4763 domum
818 4720 908 4763 suam
928 4716 1088 4763 muratam
1113 4720 1186 4763 cum
1211 4699 1347 4761 edificiis
1371 4720 1466 4781 super

199 4809 337 4881 candem
361 4811 564 4897 constructis,
588 4828 682 4875 muro
706 4808 842 4873 civitatis
865 4828 882 4869 a
906 4822 995 4893 parte
1026 4808 1231 4871 meridionali
1255 4826 1425 4891 annexam,
1448 4824 1466 4867 a
