<?xml version="1.0" encoding="UTF-8"?>
<!DOCTYPE html PUBLIC "-//W3C//DTD XHTML 1.0 Transitional//EN"
    "http://www.w3.org/TR/xhtml1/DTD/xhtml1-transitional.dtd">
<html xmlns="http://www.w3.org/1999/xhtml" xml:lang="en" lang="en">
 <head>
  <title>
</title>
<meta http-equiv="Content-Type" content="text/html;charset=utf-8" />
  <meta name='ocr-system' content='tesseract 3.04.00' />
  <meta name='ocr-capabilities' content='ocr_page ocr_carea ocr_par ocr_line ocrx_word'/>
</head>
<body>
  <div class='ocr_page' id='page_1' title='image "./monumentahistor02laszgoog_0074.png"; bbox 0 0 3428 5256; ppageno 0'>
   <div class='ocr_carea' id='block_1_1' title="bbox 722 362 1449 437">
    <p class='ocr_par' dir='ltr' id='par_1_1' title="bbox 722 362 1449 437">
     <span class='ocr_line' id='line_1_1' title="bbox 722 362 1449 437; baseline 0 -21"><span class='ocrx_word' id='word_1_1' title='bbox 722 362 808 416; x_wconf 84' lang='lat' dir='ltr'>Anno</span> <span class='ocrx_word' id='word_1_2' title='bbox 831 369 920 437; x_wconf 80' lang='lat'><em>1475.</em></span> <span class='ocrx_word' id='word_1_3' title='bbox 1414 375 1428 416; x_wconf 79' lang='lat'><strong><em>2</em></strong></span> <span class='ocrx_word' id='word_1_4' title='bbox 1435 379 1449 437; x_wconf 84' lang='lat'><strong>5</strong></span> 
     </span>
    </p>
   </div>
   <div class='ocr_carea' id='block_1_2' title="bbox 869 464 1451 471">
    <p class='ocr_par' dir='ltr' id='par_1_2' title="bbox 869 464 1451 471">
     <span class='ocr_line' id='line_1_2' title="bbox 869 464 1451 471; baseline 0.002 -2"><span class='ocrx_word' id='word_1_5' title='bbox 869 464 1138 470; x_wconf 81' lang='lat'><em>.-—..----—</em></span> <span class='ocrx_word' id='word_1_6' title='bbox 1155 464 1451 471; x_wconf 73' lang='lat'>——-—.-.——-</span> 
     </span>
    </p>
   </div>
   <div class='ocr_carea' id='block_1_3' title="bbox 188 568 1455 3510">
    <p class='ocr_par' dir='ltr' id='par_1_3' title="bbox 188 568 1455 3510">
     <span class='ocr_line' id='line_1_3' title="bbox 190 568 1452 652; baseline -0.004 -17"><span class='ocrx_word' id='word_1_7' title='bbox 190 587 261 635; x_wconf 88' lang='lat' dir='ltr'>nate</span> <span class='ocrx_word' id='word_1_8' title='bbox 286 571 437 633; x_wconf 86' lang='lat' dir='ltr'>videlicet</span> <span class='ocrx_word' id='word_1_9' title='bbox 459 568 579 652; x_wconf 87' lang='lat' dir='ltr'>prelate</span> <span class='ocrx_word' id='word_1_10' title='bbox 602 569 734 630; x_wconf 89' lang='lat' dir='ltr'>domine</span> <span class='ocrx_word' id='word_1_11' title='bbox 762 568 934 647; x_wconf 90' lang='lat' dir='ltr'>Dorothee,</span> <span class='ocrx_word' id='word_1_12' title='bbox 960 588 1102 630; x_wconf 90' lang='lat' dir='ltr'>necnon</span> <span class='ocrx_word' id='word_1_13' title='bbox 1128 570 1210 630; x_wconf 89' lang='lat' dir='ltr'>inter</span> <span class='ocrx_word' id='word_1_14' title='bbox 1233 570 1313 630; x_wconf 87' lang='lat' dir='ltr'>duas</span> <span class='ocrx_word' id='word_1_15' title='bbox 1338 570 1403 630; x_wconf 87' lang='lat' dir='ltr'>vias</span> <span class='ocrx_word' id='word_1_16' title='bbox 1422 584 1452 631; x_wconf 93' lang='lat' dir='ltr'>et</span> 
     </span>
     <span class='ocr_line' id='line_1_4' title="bbox 189 675 1452 762; baseline -0.003 -22"><span class='ocrx_word' id='word_1_17' title='bbox 189 679 311 762; x_wconf 77' lang='lat' dir='ltr'>plateas</span> <span class='ocrx_word' id='word_1_18' title='bbox 335 678 479 759; x_wconf 88' lang='lat' dir='ltr'>publicas</span> <span class='ocrx_word' id='word_1_19' title='bbox 503 697 520 737; x_wconf 89' lang='lat' dir='ltr'>a</span> <span class='ocrx_word' id='word_1_20' title='bbox 545 689 633 756; x_wconf 88' lang='lat' dir='ltr'>parte</span> <span class='ocrx_word' id='word_1_21' title='bbox 652 675 906 756; x_wconf 82' lang='lat' dir='ltr'>septemtrionali</span> <span class='ocrx_word' id='word_1_22' title='bbox 932 690 962 735; x_wconf 93' lang='lat' dir='ltr'>et</span> <span class='ocrx_word' id='word_1_23' title='bbox 987 675 1188 752; x_wconf 87' lang='lat' dir='ltr'>occidentali,</span> <span class='ocrx_word' id='word_1_24' title='bbox 1222 677 1300 736; x_wconf 90' lang='lat' dir='ltr'>duas</span> <span class='ocrx_word' id='word_1_25' title='bbox 1324 691 1452 757; x_wconf 84' lang='lat' dir='ltr'>quartas</span> 
     </span>
     <span class='ocr_line' id='line_1_5' title="bbox 189 781 1450 862; baseline -0.003 -16"><span class='ocrx_word' id='word_1_26' title='bbox 189 784 275 846; x_wconf 88' lang='lat' dir='ltr'>curie</span> <span class='ocrx_word' id='word_1_27' title='bbox 300 783 340 845; x_wconf 92' lang='lat' dir='ltr'>ad</span> <span class='ocrx_word' id='word_1_28' title='bbox 366 802 459 845; x_wconf 88' lang='lat' dir='ltr'>usum</span> <span class='ocrx_word' id='word_1_29' title='bbox 485 781 623 842; x_wconf 89' lang='lat' dir='ltr'>civitatis</span> <span class='ocrx_word' id='word_1_30' title='bbox 648 781 678 842; x_wconf 94' lang='lat' dir='ltr'>in</span> <span class='ocrx_word' id='word_1_31' title='bbox 704 800 736 842; x_wconf 83' lang='lat' dir='ltr'>se</span> <span class='ocrx_word' id='word_1_32' title='bbox 770 782 1002 843; x_wconf 90' lang='lat' dir='ltr'>continentem.</span> <span class='ocrx_word' id='word_1_33' title='bbox 1027 816 1070 826; x_wconf 93' lang='lat'>—</span> <span class='ocrx_word' id='word_1_34' title='bbox 1095 781 1171 841; x_wconf 84' lang='lat' dir='ltr'>Item</span> <span class='ocrx_word' id='word_1_35' title='bbox 1198 781 1359 862; x_wconf 89' lang='lat' dir='ltr'>quandam</span> <span class='ocrx_word' id='word_1_36' title='bbox 1387 801 1450 842; x_wconf 90' lang='lat' dir='ltr'>me-</span> 
     </span>
     <span class='ocr_line' id='line_1_6' title="bbox 189 885 1446 970; baseline -0.002 -20"><span class='ocrx_word' id='word_1_37' title='bbox 189 890 340 951; x_wconf 88' lang='lat' dir='ltr'>dietatem</span> <span class='ocrx_word' id='word_1_38' title='bbox 365 888 472 970; x_wconf 87' lang='lat' dir='ltr'>(b)orti</span> <span class='ocrx_word' id='word_1_39' title='bbox 498 901 583 948; x_wconf 86' lang='lat' dir='ltr'>extra</span> <span class='ocrx_word' id='word_1_40' title='bbox 609 900 734 968; x_wconf 90' lang='lat' dir='ltr'>portam</span> <span class='ocrx_word' id='word_1_41' title='bbox 760 885 945 948; x_wconf 87' lang='lat' dir='ltr'>carnificum</span> <span class='ocrx_word' id='word_1_42' title='bbox 972 906 1044 948; x_wconf 87' lang='lat' dir='ltr'>cum</span> <span class='ocrx_word' id='word_1_43' title='bbox 1078 887 1248 949; x_wconf 80' lang='lat' dir='ltr'>medietate</span> <span class='ocrx_word' id='word_1_44' title='bbox 1281 887 1446 949; x_wconf 84' lang='lat' dir='ltr'>cuiusdam</span> 
     </span>
     <span class='ocr_line' id='line_1_7' title="bbox 189 992 1450 1077; baseline -0.002 -20"><span class='ocrx_word' id='word_1_45' title='bbox 189 1014 285 1077; x_wconf 89' lang='lat' dir='ltr'>parve</span> <span class='ocrx_word' id='word_1_46' title='bbox 299 995 391 1055; x_wconf 85' lang='lat' dir='ltr'>vinee</span> <span class='ocrx_word' id='word_1_47' title='bbox 416 1007 446 1054; x_wconf 90' lang='lat' dir='ltr'>et</span> <span class='ocrx_word' id='word_1_48' title='bbox 470 993 586 1054; x_wconf 83' lang='lat' dir='ltr'>stabuli</span> <span class='ocrx_word' id='word_1_49' title='bbox 607 1012 642 1052; x_wconf 90' lang='lat' dir='ltr'>ac</span> <span class='ocrx_word' id='word_1_50' title='bbox 660 992 777 1053; x_wconf 91' lang='lat' dir='ltr'>domus</span> <span class='ocrx_word' id='word_1_51' title='bbox 801 1011 898 1074; x_wconf 89' lang='lat' dir='ltr'>penes</span> <span class='ocrx_word' id='word_1_52' title='bbox 916 992 1053 1053; x_wconf 88' lang='lat' dir='ltr'>eundem</span> <span class='ocrx_word' id='word_1_53' title='bbox 1072 992 1234 1055; x_wconf 82' lang='lat' dir='ltr'>stabulum</span> <span class='ocrx_word' id='word_1_54' title='bbox 1259 1007 1450 1071; x_wconf 56' lang='lat' dir='ltr'>constructe,</span> 
     </span>
     <span class='ocr_line' id='line_1_8' title="bbox 189 1097 1453 1179; baseline -0.002 -17"><span class='ocrx_word' id='word_1_55' title='bbox 189 1100 279 1162; x_wconf 90' lang='lat' dir='ltr'>cuius</span> <span class='ocrx_word' id='word_1_56' title='bbox 303 1113 387 1161; x_wconf 88' lang='lat' dir='ltr'>meta</span> <span class='ocrx_word' id='word_1_57' title='bbox 424 1098 575 1179; x_wconf 84' lang='lat' dir='ltr'>incipita</span> <span class='ocrx_word' id='word_1_58' title='bbox 612 1112 701 1179; x_wconf 89' lang='lat' dir='ltr'>parte</span> <span class='ocrx_word' id='word_1_59' title='bbox 733 1098 881 1159; x_wconf 80' lang='lat' dir='ltr'>orientali</span> <span class='ocrx_word' id='word_1_60' title='bbox 914 1098 954 1159; x_wconf 90' lang='lat' dir='ltr'>ab</span> <span class='ocrx_word' id='word_1_61' title='bbox 986 1099 1098 1158; x_wconf 90' lang='lat' dir='ltr'>arbore</span> <span class='ocrx_word' id='word_1_62' title='bbox 1131 1097 1296 1160; x_wconf 88' lang='lat' dir='ltr'>cuiusdam</span> <span class='ocrx_word' id='word_1_63' title='bbox 1330 1100 1453 1159; x_wconf 89' lang='lat' dir='ltr'>arboris</span> 
     </span>
     <span class='ocr_line' id='line_1_9' title="bbox 190 1203 1452 1285; baseline -0.002 -16"><span class='ocrx_word' id='word_1_64' title='bbox 190 1226 317 1269; x_wconf 88' lang='lat' dir='ltr'>meruae</span> <span class='ocrx_word' id='word_1_65' title='bbox 341 1225 436 1267; x_wconf 89' lang='lat' dir='ltr'>eruce</span> <span class='ocrx_word' id='word_1_66' title='bbox 460 1205 594 1285; x_wconf 82' lang='lat' dir='ltr'>signata,</span> <span class='ocrx_word' id='word_1_67' title='bbox 619 1223 718 1285; x_wconf 80' lang='lat' dir='ltr'>prope</span> <span class='ocrx_word' id='word_1_68' title='bbox 755 1204 836 1264; x_wconf 87' lang='lat' dir='ltr'>circa</span> <span class='ocrx_word' id='word_1_69' title='bbox 870 1203 1009 1265; x_wconf 91' lang='lat' dir='ltr'>rivulum</span> <span class='ocrx_word' id='word_1_70' title='bbox 1035 1204 1196 1265; x_wconf 83' lang='lat' dir='ltr'>Zazidnalc</span> <span class='ocrx_word' id='word_1_71' title='bbox 1220 1204 1353 1282; x_wconf 88' lang='lat' dir='ltr'>dictum,</span> <span class='ocrx_word' id='word_1_72' title='bbox 1378 1204 1452 1266; x_wconf 92' lang='lat' dir='ltr'>inde</span> 
     </span>
     <span class='ocr_line' id='line_1_10' title="bbox 190 1308 1452 1394; baseline -0.002 -21"><span class='ocrx_word' id='word_1_73' title='bbox 190 1310 398 1394; x_wconf 90' lang='lat' dir='ltr'>procedendo</span> <span class='ocrx_word' id='word_1_74' title='bbox 423 1310 462 1371; x_wconf 90' lang='lat' dir='ltr'>ad</span> <span class='ocrx_word' id='word_1_75' title='bbox 487 1309 686 1371; x_wconf 87' lang='lat' dir='ltr'>occidentem</span> <span class='ocrx_word' id='word_1_76' title='bbox 720 1309 807 1370; x_wconf 89' lang='lat' dir='ltr'>venit</span> <span class='ocrx_word' id='word_1_77' title='bbox 838 1308 878 1370; x_wconf 93' lang='lat' dir='ltr'>ad</span> <span class='ocrx_word' id='word_1_78' title='bbox 911 1309 1007 1370; x_wconf 89' lang='lat' dir='ltr'>aliam</span> <span class='ocrx_word' id='word_1_79' title='bbox 1040 1310 1186 1371; x_wconf 84' lang='lat' dir='ltr'>arborem</span> <span class='ocrx_word' id='word_1_80' title='bbox 1211 1329 1336 1372; x_wconf 90' lang='lat' dir='ltr'>meruse</span> <span class='ocrx_word' id='word_1_81' title='bbox 1362 1329 1452 1371; x_wconf 85' lang='lat' dir='ltr'>cruce</span> 
     </span>
     <span class='ocr_line' id='line_1_11' title="bbox 189 1415 1452 1498; baseline -0.002 -21"><span class='ocrx_word' id='word_1_82' title='bbox 189 1416 336 1478; x_wconf 88' lang='lat' dir='ltr'>similiter</span> <span class='ocrx_word' id='word_1_83' title='bbox 361 1416 530 1498; x_wconf 82' lang='lat' dir='ltr'>signatam,</span> <span class='ocrx_word' id='word_1_84' title='bbox 555 1434 655 1497; x_wconf 89' lang='lat' dir='ltr'>penes</span> <span class='ocrx_word' id='word_1_85' title='bbox 679 1415 758 1475; x_wconf 83' lang='lat' dir='ltr'>vitea</span> <span class='ocrx_word' id='word_1_86' title='bbox 791 1415 889 1496; x_wconf 87' lang='lat' dir='ltr'>ipsius</span> <span class='ocrx_word' id='word_1_87' title='bbox 922 1415 1024 1493; x_wconf 86' lang='lat' dir='ltr'>vinee,</span> <span class='ocrx_word' id='word_1_88' title='bbox 1058 1415 1174 1477; x_wconf 88' lang='lat' dir='ltr'>deinde</span> <span class='ocrx_word' id='word_1_89' title='bbox 1199 1435 1294 1497; x_wconf 91' lang='lat' dir='ltr'>supra</span> <span class='ocrx_word' id='word_1_90' title='bbox 1318 1435 1375 1497; x_wconf 87' lang='lat' dir='ltr'>per</span> <span class='ocrx_word' id='word_1_91' title='bbox 1399 1436 1452 1476; x_wconf 90' lang='lat' dir='ltr'>ve·</span> 
     </span>
     <span class='ocr_line' id='line_1_12' title="bbox 189 1519 1453 1604; baseline -0.002 -20"><span class='ocrx_word' id='word_1_92' title='bbox 189 1537 272 1584; x_wconf 85' lang='lat' dir='ltr'>terea</span> <span class='ocrx_word' id='word_1_93' title='bbox 296 1536 398 1584; x_wconf 82' lang='lat' dir='ltr'>metas</span> <span class='ocrx_word' id='word_1_94' title='bbox 420 1521 566 1604; x_wconf 85' lang='lat' dir='ltr'>procedit</span> <span class='ocrx_word' id='word_1_95' title='bbox 590 1520 630 1582; x_wconf 90' lang='lat' dir='ltr'>ad</span> <span class='ocrx_word' id='word_1_96' title='bbox 655 1535 771 1582; x_wconf 90' lang='lat' dir='ltr'>metam</span> <span class='ocrx_word' id='word_1_97' title='bbox 798 1522 964 1603; x_wconf 90' lang='lat' dir='ltr'>antiquam</span> <span class='ocrx_word' id='word_1_98' title='bbox 992 1522 1073 1582; x_wconf 92' lang='lat' dir='ltr'>inter</span> <span class='ocrx_word' id='word_1_99' title='bbox 1097 1519 1250 1603; x_wconf 62' lang='lat' dir='ltr'>(mortum</span> <span class='ocrx_word' id='word_1_100' title='bbox 1277 1522 1405 1583; x_wconf 90' lang='lat' dir='ltr'>Thome</span> <span class='ocrx_word' id='word_1_101' title='bbox 1423 1535 1453 1582; x_wconf 93' lang='lat' dir='ltr'>et</span> 
     </span>
     <span class='ocr_line' id='line_1_13' title="bbox 190 1626 1451 1703; baseline 0 -15"><span class='ocrx_word' id='word_1_102' title='bbox 190 1629 317 1689; x_wconf 87' lang='lat' dir='ltr'>vineam</span> <span class='ocrx_word' id='word_1_103' title='bbox 349 1628 506 1689; x_wconf 80' lang='lat' dir='ltr'>Anthonii</span> <span class='ocrx_word' id='word_1_104' title='bbox 540 1627 676 1689; x_wconf 90' lang='lat' dir='ltr'>senioris</span> <span class='ocrx_word' id='word_1_105' title='bbox 707 1626 831 1703; x_wconf 89' lang='lat' dir='ltr'>judicis.</span> <span class='ocrx_word' id='word_1_106' title='bbox 869 1662 909 1672; x_wconf 93' lang='lat'>-</span> <span class='ocrx_word' id='word_1_107' title='bbox 942 1627 1019 1688; x_wconf 89' lang='lat' dir='ltr'>ltem</span> <span class='ocrx_word' id='word_1_108' title='bbox 1057 1629 1261 1689; x_wconf 90' lang='lat' dir='ltr'>medietatem</span> <span class='ocrx_word' id='word_1_109' title='bbox 1286 1628 1451 1689; x_wconf 91' lang='lat' dir='ltr'>cuiusdam</span> 
     </span>
     <span class='ocr_line' id='line_1_14' title="bbox 190 1733 1450 1815; baseline -0.001 -21"><span class='ocrx_word' id='word_1_110' title='bbox 190 1734 283 1796; x_wconf 87' lang='lat' dir='ltr'>vinee</span> <span class='ocrx_word' id='word_1_111' title='bbox 307 1735 339 1794; x_wconf 92' lang='lat' dir='ltr'>in</span> <span class='ocrx_word' id='word_1_112' title='bbox 364 1733 525 1795; x_wconf 88' lang='lat' dir='ltr'>territorio</span> <span class='ocrx_word' id='word_1_113' title='bbox 544 1745 654 1793; x_wconf 92' lang='lat' dir='ltr'>nostro</span> <span class='ocrx_word' id='word_1_114' title='bbox 680 1733 832 1811; x_wconf 82' lang='lat' dir='ltr'>habitam,</span> <span class='ocrx_word' id='word_1_115' title='bbox 851 1733 931 1793; x_wconf 88' lang='lat' dir='ltr'>inter</span> <span class='ocrx_word' id='word_1_116' title='bbox 952 1733 1062 1795; x_wconf 86' lang='lat' dir='ltr'>vineas</span> <span class='ocrx_word' id='word_1_117' title='bbox 1078 1735 1204 1815; x_wconf 89' lang='lat' dir='ltr'>providi</span> <span class='ocrx_word' id='word_1_118' title='bbox 1231 1735 1287 1795; x_wconf 85' lang='lat' dir='ltr'>viri</span> <span class='ocrx_word' id='word_1_119' title='bbox 1314 1735 1450 1795; x_wconf 87' lang='lat' dir='ltr'>condam</span> 
     </span>
     <span class='ocr_line' id='line_1_15' title="bbox 193 1839 1453 1920; baseline -0.001 -18"><span class='ocrx_word' id='word_1_120' title='bbox 193 1840 288 1903; x_wconf 74' lang='lat' dir='ltr'>blasii</span> <span class='ocrx_word' id='word_1_121' title='bbox 304 1840 463 1901; x_wconf 89' lang='lat' dir='ltr'>Vithesicz</span> <span class='ocrx_word' id='word_1_122' title='bbox 480 1839 567 1917; x_wconf 91' lang='lat' dir='ltr'>dicti,</span> <span class='ocrx_word' id='word_1_123' title='bbox 585 1859 601 1900; x_wconf 89' lang='lat' dir='ltr'>a</span> <span class='ocrx_word' id='word_1_124' title='bbox 619 1839 823 1900; x_wconf 87' lang='lat' dir='ltr'>meridionali</span> <span class='ocrx_word' id='word_1_125' title='bbox 841 1853 929 1920; x_wconf 90' lang='lat' dir='ltr'>parte</span> <span class='ocrx_word' id='word_1_126' title='bbox 944 1853 973 1900; x_wconf 89' lang='lat' dir='ltr'>et</span> <span class='ocrx_word' id='word_1_127' title='bbox 991 1840 1156 1901; x_wconf 89' lang='lat' dir='ltr'>cuiusdam</span> <span class='ocrx_word' id='word_1_128' title='bbox 1172 1841 1308 1902; x_wconf 85' lang='lat' dir='ltr'>condam</span> <span class='ocrx_word' id='word_1_129' title='bbox 1329 1841 1453 1920; x_wconf 81' lang='lat' dir='ltr'>Marga-</span> 
     </span>
     <span class='ocr_line' id='line_1_16' title="bbox 190 1945 1449 2028; baseline 0 -20"><span class='ocrx_word' id='word_1_130' title='bbox 190 1947 278 2009; x_wconf 89' lang='lat' dir='ltr'>rethe</span> <span class='ocrx_word' id='word_1_131' title='bbox 304 1947 413 2008; x_wconf 89' lang='lat' dir='ltr'>relicte</span> <span class='ocrx_word' id='word_1_132' title='bbox 438 1946 575 2008; x_wconf 87' lang='lat' dir='ltr'>condam</span> <span class='ocrx_word' id='word_1_133' title='bbox 604 1945 710 2024; x_wconf 74' lang='lat' dir='ltr'>blasii,</span> <span class='ocrx_word' id='word_1_134' title='bbox 734 1946 813 2007; x_wconf 92' lang='lat' dir='ltr'>olim</span> <span class='ocrx_word' id='word_1_135' title='bbox 839 1945 953 2025; x_wconf 86' lang='lat' dir='ltr'>judicis</span> <span class='ocrx_word' id='word_1_136' title='bbox 977 1960 1008 2007; x_wconf 87' lang='lat' dir='ltr'>et</span> <span class='ocrx_word' id='word_1_137' title='bbox 1039 1947 1180 2008; x_wconf 87' lang='lat' dir='ltr'>concivis</span> <span class='ocrx_word' id='word_1_138' title='bbox 1207 1948 1318 2024; x_wconf 90' lang='lat' dir='ltr'>nostri,</span> <span class='ocrx_word' id='word_1_139' title='bbox 1343 1967 1359 2008; x_wconf 90' lang='lat' dir='ltr'>a</span> <span class='ocrx_word' id='word_1_140' title='bbox 1383 1966 1449 2028; x_wconf 89' lang='lat' dir='ltr'>sep-</span> 
     </span>
     <span class='ocr_line' id='line_1_17' title="bbox 188 2052 1452 2134; baseline 0 -20"><span class='ocrx_word' id='word_1_141' title='bbox 188 2053 372 2130; x_wconf 90' lang='lat' dir='ltr'>temtrione,</span> <span class='ocrx_word' id='word_1_142' title='bbox 404 2052 541 2133; x_wconf 88' lang='lat' dir='ltr'>desuper</span> <span class='ocrx_word' id='word_1_143' title='bbox 573 2072 590 2112; x_wconf 87' lang='lat' dir='ltr'>a</span> <span class='ocrx_word' id='word_1_144' title='bbox 624 2053 673 2111; x_wconf 89' lang='lat' dir='ltr'>via</span> <span class='ocrx_word' id='word_1_145' title='bbox 705 2053 870 2113; x_wconf 91' lang='lat' dir='ltr'>communi</span> <span class='ocrx_word' id='word_1_146' title='bbox 903 2072 1037 2132; x_wconf 82' lang='lat' dir='ltr'>magna,</span> <span class='ocrx_word' id='word_1_147' title='bbox 1069 2053 1151 2114; x_wconf 85' lang='lat' dir='ltr'>infra</span> <span class='ocrx_word' id='word_1_148' title='bbox 1175 2073 1276 2134; x_wconf 89' lang='lat' dir='ltr'>usque</span> <span class='ocrx_word' id='word_1_149' title='bbox 1301 2054 1452 2132; x_wconf 87' lang='lat' dir='ltr'>rivulum,</span> 
     </span>
     <span class='ocr_line' id='line_1_18' title="bbox 189 2157 1452 2238; baseline 0 -19"><span class='ocrx_word' id='word_1_150' title='bbox 189 2157 284 2220; x_wconf 86' lang='lat' dir='ltr'>simul</span> <span class='ocrx_word' id='word_1_151' title='bbox 303 2176 375 2219; x_wconf 88' lang='lat' dir='ltr'>curn</span> <span class='ocrx_word' id='word_1_152' title='bbox 403 2158 543 2238; x_wconf 84' lang='lat' dir='ltr'>virgulto</span> <span class='ocrx_word' id='word_1_153' title='bbox 560 2157 665 2217; x_wconf 87' lang='lat' dir='ltr'>eidem</span> <span class='ocrx_word' id='word_1_154' title='bbox 683 2158 870 2220; x_wconf 88' lang='lat' dir='ltr'>subiacenti.</span> <span class='ocrx_word' id='word_1_155' title='bbox 896 2193 936 2201; x_wconf 96' lang='lat'>—</span> <span class='ocrx_word' id='word_1_156' title='bbox 962 2158 1038 2219; x_wconf 92' lang='lat' dir='ltr'>ltem</span> <span class='ocrx_word' id='word_1_157' title='bbox 1058 2159 1262 2220; x_wconf 88' lang='lat' dir='ltr'>medietatem</span> <span class='ocrx_word' id='word_1_158' title='bbox 1287 2159 1452 2220; x_wconf 90' lang='lat' dir='ltr'>cuiusdam</span> 
     </span>
     <span class='ocr_line' id='line_1_19' title="bbox 190 2262 1453 2342; baseline 0.002 -17"><span class='ocrx_word' id='word_1_159' title='bbox 190 2278 272 2325; x_wconf 87' lang='lat' dir='ltr'>terre</span> <span class='ocrx_word' id='word_1_160' title='bbox 297 2263 428 2325; x_wconf 88' lang='lat' dir='ltr'>arabilis</span> <span class='ocrx_word' id='word_1_161' title='bbox 451 2284 487 2325; x_wconf 91' lang='lat' dir='ltr'>ac</span> <span class='ocrx_word' id='word_1_162' title='bbox 511 2262 617 2324; x_wconf 82' lang='lat' dir='ltr'>senilis</span> <span class='ocrx_word' id='word_1_163' title='bbox 641 2263 747 2324; x_wconf 88' lang='lat' dir='ltr'>eidem</span> <span class='ocrx_word' id='word_1_164' title='bbox 772 2277 852 2324; x_wconf 88' lang='lat' dir='ltr'>terre</span> <span class='ocrx_word' id='word_1_165' title='bbox 879 2264 1064 2342; x_wconf 88' lang='lat' dir='ltr'>adiacentis,</span> <span class='ocrx_word' id='word_1_166' title='bbox 1090 2266 1170 2327; x_wconf 90' lang='lat' dir='ltr'>inter</span> <span class='ocrx_word' id='word_1_167' title='bbox 1194 2280 1292 2327; x_wconf 91' lang='lat' dir='ltr'>terras</span> <span class='ocrx_word' id='word_1_168' title='bbox 1316 2266 1453 2327; x_wconf 90' lang='lat' dir='ltr'>arabiles</span> 
     </span>
     <span class='ocr_line' id='line_1_20' title="bbox 191 2367 1452 2451; baseline 0.002 -21"><span class='ocrx_word' id='word_1_169' title='bbox 191 2368 338 2451; x_wconf 85' lang='lat' dir='ltr'>Dyonisii</span> <span class='ocrx_word' id='word_1_170' title='bbox 364 2367 421 2430; x_wconf 88' lang='lat' dir='ltr'>lilii</span> <span class='ocrx_word' id='word_1_171' title='bbox 448 2368 580 2449; x_wconf 83' lang='lat' dir='ltr'>Georgii</span> <span class='ocrx_word' id='word_1_172' title='bbox 607 2383 637 2429; x_wconf 94' lang='lat' dir='ltr'>et</span> <span class='ocrx_word' id='word_1_173' title='bbox 663 2369 744 2430; x_wconf 90' lang='lat' dir='ltr'>inter</span> <span class='ocrx_word' id='word_1_174' title='bbox 761 2368 895 2430; x_wconf 87' lang='lat' dir='ltr'>fluvium</span> <span class='ocrx_word' id='word_1_175' title='bbox 914 2369 1007 2431; x_wconf 86' lang='lat' dir='ltr'>llicza</span> <span class='ocrx_word' id='word_1_176' title='bbox 1033 2385 1192 2432; x_wconf 84' lang='lat' dir='ltr'>vocatum.</span> <span class='ocrx_word' id='word_1_177' title='bbox 1220 2408 1258 2417; x_wconf 95' lang='lat'>—</span> <span class='ocrx_word' id='word_1_178' title='bbox 1286 2372 1361 2433; x_wconf 91' lang='lat' dir='ltr'>ltem</span> <span class='ocrx_word' id='word_1_179' title='bbox 1389 2392 1452 2432; x_wconf 88' lang='lat' dir='ltr'>me-</span> 
     </span>
     <span class='ocr_line' id='line_1_21' title="bbox 190 2472 1453 2539; baseline 0.002 -4"><span class='ocrx_word' id='word_1_180' title='bbox 190 2473 343 2537; x_wconf 88' lang='lat' dir='ltr'>dietatem</span> <span class='ocrx_word' id='word_1_181' title='bbox 368 2475 535 2536; x_wconf 88' lang='lat' dir='ltr'>cuiusdam</span> <span class='ocrx_word' id='word_1_182' title='bbox 561 2475 622 2535; x_wconf 91' lang='lat' dir='ltr'>alie</span> <span class='ocrx_word' id='word_1_183' title='bbox 640 2490 722 2535; x_wconf 90' lang='lat' dir='ltr'>terre</span> <span class='ocrx_word' id='word_1_184' title='bbox 746 2476 876 2535; x_wconf 87' lang='lat' dir='ltr'>arabilis</span> <span class='ocrx_word' id='word_1_185' title='bbox 893 2490 922 2536; x_wconf 88' lang='lat' dir='ltr'>et</span> <span class='ocrx_word' id='word_1_186' title='bbox 938 2472 1047 2537; x_wconf 84' lang='lat' dir='ltr'>fertilis</span> <span class='ocrx_word' id='word_1_187' title='bbox 1063 2477 1121 2537; x_wconf 92' lang='lat' dir='ltr'>sibi</span> <span class='ocrx_word' id='word_1_188' title='bbox 1153 2478 1347 2539; x_wconf 88' lang='lat' dir='ltr'>subiacentis</span> <span class='ocrx_word' id='word_1_189' title='bbox 1372 2478 1453 2539; x_wconf 90' lang='lat' dir='ltr'>iuter</span> 
     </span>
     <span class='ocr_line' id='line_1_22' title="bbox 190 2581 1452 2664; baseline 0.004 -25"><span class='ocrx_word' id='word_1_190' title='bbox 190 2591 289 2641; x_wconf 86' lang='lat' dir='ltr'>terras</span> <span class='ocrx_word' id='word_1_191' title='bbox 313 2593 421 2642; x_wconf 88' lang='lat' dir='ltr'>nostre</span> <span class='ocrx_word' id='word_1_192' title='bbox 447 2581 688 2642; x_wconf 89' lang='lat' dir='ltr'>communitatis</span> <span class='ocrx_word' id='word_1_193' title='bbox 716 2595 747 2641; x_wconf 90' lang='lat' dir='ltr'>et</span> <span class='ocrx_word' id='word_1_194' title='bbox 778 2581 952 2642; x_wconf 83' lang='lat' dir='ltr'>intervias</span> <span class='ocrx_word' id='word_1_195' title='bbox 983 2601 1172 2644; x_wconf 91' lang='lat' dir='ltr'>communes</span> <span class='ocrx_word' id='word_1_196' title='bbox 1197 2583 1350 2660; x_wconf 89' lang='lat' dir='ltr'>habitam,</span> <span class='ocrx_word' id='word_1_197' title='bbox 1375 2604 1452 2664; x_wconf 90' lang='lat' dir='ltr'>qua-</span> 
     </span>
     <span class='ocr_line' id='line_1_23' title="bbox 189 2685 1452 2770; baseline 0.003 -25"><span class='ocrx_word' id='word_1_198' title='bbox 189 2696 265 2747; x_wconf 90' lang='lat' dir='ltr'>tuor</span> <span class='ocrx_word' id='word_1_199' title='bbox 289 2685 341 2747; x_wconf 86' lang='lat' dir='ltr'>vel</span> <span class='ocrx_word' id='word_1_200' title='bbox 366 2685 442 2748; x_wconf 87' lang='lat' dir='ltr'>citra</span> <span class='ocrx_word' id='word_1_201' title='bbox 468 2685 569 2747; x_wconf 87' lang='lat' dir='ltr'>dietas</span> <span class='ocrx_word' id='word_1_202' title='bbox 593 2701 673 2746; x_wconf 90' lang='lat' dir='ltr'>terre</span> <span class='ocrx_word' id='word_1_203' title='bbox 698 2686 826 2746; x_wconf 89' lang='lat' dir='ltr'>arabilis</span> <span class='ocrx_word' id='word_1_204' title='bbox 852 2687 881 2747; x_wconf 91' lang='lat' dir='ltr'>in</span> <span class='ocrx_word' id='word_1_205' title='bbox 908 2708 940 2747; x_wconf 93' lang='lat' dir='ltr'>se</span> <span class='ocrx_word' id='word_1_206' title='bbox 966 2689 1196 2766; x_wconf 85' lang='lat' dir='ltr'>continentem,</span> <span class='ocrx_word' id='word_1_207' title='bbox 1222 2690 1322 2770; x_wconf 89' lang='lat' dir='ltr'>ipsam</span> <span class='ocrx_word' id='word_1_208' title='bbox 1349 2689 1452 2749; x_wconf 91' lang='lat' dir='ltr'>domi-</span> 
     </span>
     <span class='ocr_line' id='line_1_24' title="bbox 191 2790 1454 2876; baseline 0.004 -25"><span class='ocrx_word' id='word_1_209' title='bbox 191 2810 265 2851; x_wconf 90' lang='lat' dir='ltr'>nam</span> <span class='ocrx_word' id='word_1_210' title='bbox 291 2790 488 2852; x_wconf 89' lang='lat' dir='ltr'>Dorotheam</span> <span class='ocrx_word' id='word_1_211' title='bbox 514 2791 581 2872; x_wconf 82' lang='lat' dir='ltr'>jure</span> <span class='ocrx_word' id='word_1_212' title='bbox 606 2791 799 2852; x_wconf 89' lang='lat' dir='ltr'>hereditario</span> <span class='ocrx_word' id='word_1_213' title='bbox 831 2813 848 2852; x_wconf 89' lang='lat' dir='ltr'>a</span> <span class='ocrx_word' id='word_1_214' title='bbox 873 2792 996 2874; x_wconf 85' lang='lat' dir='ltr'>prefato</span> <span class='ocrx_word' id='word_1_215' title='bbox 1028 2794 1164 2855; x_wconf 87' lang='lat' dir='ltr'>condam</span> <span class='ocrx_word' id='word_1_216' title='bbox 1191 2794 1340 2856; x_wconf 84' lang='lat' dir='ltr'>Theman</span> <span class='ocrx_word' id='word_1_217' title='bbox 1367 2809 1454 2876; x_wconf 89' lang='lat' dir='ltr'>patre</span> 
     </span>
     <span class='ocr_line' id='line_1_25' title="bbox 190 2898 1452 2979; baseline 0.003 -21"><span class='ocrx_word' id='word_1_218' title='bbox 190 2914 250 2958; x_wconf 88' lang='lat' dir='ltr'>auo</span> <span class='ocrx_word' id='word_1_219' title='bbox 274 2911 533 2975; x_wconf 88' lang='lat' dir='ltr'>concernentem,</span> <span class='ocrx_word' id='word_1_220' title='bbox 558 2917 593 2958; x_wconf 92' lang='lat' dir='ltr'>ac</span> <span class='ocrx_word' id='word_1_221' title='bbox 618 2917 673 2978; x_wconf 90' lang='lat' dir='ltr'>per</span> <span class='ocrx_word' id='word_1_222' title='bbox 691 2917 749 2959; x_wconf 91' lang='lat' dir='ltr'>nos</span> <span class='ocrx_word' id='word_1_223' title='bbox 774 2898 878 2960; x_wconf 88' lang='lat' dir='ltr'>eidem</span> <span class='ocrx_word' id='word_1_224' title='bbox 897 2914 1028 2961; x_wconf 90' lang='lat' dir='ltr'>statutas</span> <span class='ocrx_word' id='word_1_225' title='bbox 1045 2915 1076 2961; x_wconf 98' lang='lat' dir='ltr'>et</span> <span class='ocrx_word' id='word_1_226' title='bbox 1100 2899 1312 2979; x_wconf 88' lang='lat' dir='ltr'>confirmatas,</span> <span class='ocrx_word' id='word_1_227' title='bbox 1330 2902 1452 2963; x_wconf 89' lang='lat' dir='ltr'>medie·</span> 
     </span>
     <span class='ocr_line' id='line_1_26' title="bbox 191 3002 1453 3089; baseline 0.003 -26"><span class='ocrx_word' id='word_1_228' title='bbox 191 3016 288 3064; x_wconf 88' lang='lat' dir='ltr'>tatem</span> <span class='ocrx_word' id='word_1_229' title='bbox 313 3002 465 3064; x_wconf 87' lang='lat' dir='ltr'>videlicet</span> <span class='ocrx_word' id='word_1_230' title='bbox 488 3003 730 3085; x_wconf 85' lang='lat' dir='ltr'>premissorum,</span> <span class='ocrx_word' id='word_1_231' title='bbox 755 3019 876 3085; x_wconf 92' lang='lat' dir='ltr'>partem</span> <span class='ocrx_word' id='word_1_232' title='bbox 910 3005 1059 3067; x_wconf 88' lang='lat' dir='ltr'>videlicet</span> <span class='ocrx_word' id='word_1_233' title='bbox 1091 3026 1192 3084; x_wconf 88' lang='lat' dir='ltr'>suam,</span> <span class='ocrx_word' id='word_1_234' title='bbox 1216 3006 1398 3089; x_wconf 85' lang='lat' dir='ltr'>propinavit</span> <span class='ocrx_word' id='word_1_235' title='bbox 1423 3022 1453 3067; x_wconf 92' lang='lat' dir='ltr'>et</span> 
     </span>
     <span class='ocr_line' id='line_1_27' title="bbox 192 3106 1455 3190; baseline 0.003 -21"><span class='ocrx_word' id='word_1_236' title='bbox 192 3106 282 3170; x_wconf 89' lang='lat' dir='ltr'>dedit</span> <span class='ocrx_word' id='word_1_237' title='bbox 305 3108 429 3190; x_wconf 87' lang='lat' dir='ltr'>prelato</span> <span class='ocrx_word' id='word_1_238' title='bbox 455 3108 598 3189; x_wconf 80' lang='lat' dir='ltr'>Georgio</span> <span class='ocrx_word' id='word_1_239' title='bbox 630 3107 697 3169; x_wconf 88' lang='lat' dir='ltr'>filio</span> <span class='ocrx_word' id='word_1_240' title='bbox 731 3109 923 3170; x_wconf 85' lang='lat' dir='ltr'>Vithlrouicz</span> <span class='ocrx_word' id='word_1_241' title='bbox 956 3111 995 3171; x_wconf 92' lang='lat' dir='ltr'>de</span> <span class='ocrx_word' id='word_1_242' title='bbox 1021 3112 1203 3173; x_wconf 85' lang='lat' dir='ltr'>Modrussio</span> <span class='ocrx_word' id='word_1_243' title='bbox 1237 3113 1351 3173; x_wconf 89' lang='lat' dir='ltr'>marito</span> <span class='ocrx_word' id='word_1_244' title='bbox 1375 3132 1455 3187; x_wconf 90' lang='lat' dir='ltr'>suo;</span> 
     </span>
     <span class='ocr_line' id='line_1_28' title="bbox 193 3213 1450 3299; baseline 0.003 -24"><span class='ocrx_word' id='word_1_245' title='bbox 193 3233 290 3296; x_wconf 85' lang='lat' dir='ltr'>super</span> <span class='ocrx_word' id='word_1_246' title='bbox 315 3234 380 3296; x_wconf 90' lang='lat' dir='ltr'>quo</span> <span class='ocrx_word' id='word_1_247' title='bbox 405 3214 511 3275; x_wconf 86' lang='lat' dir='ltr'>eidem</span> <span class='ocrx_word' id='word_1_248' title='bbox 536 3215 608 3275; x_wconf 89' lang='lat' dir='ltr'>data</span> <span class='ocrx_word' id='word_1_249' title='bbox 644 3227 690 3275; x_wconf 91' lang='lat' dir='ltr'>est</span> <span class='ocrx_word' id='word_1_250' title='bbox 725 3213 829 3275; x_wconf 89' lang='lat' dir='ltr'>eidem</span> <span class='ocrx_word' id='word_1_251' title='bbox 855 3215 944 3277; x_wconf 89' lang='lat' dir='ltr'>litera</span> <span class='ocrx_word' id='word_1_252' title='bbox 977 3217 1196 3299; x_wconf 83' lang='lat' dir='ltr'>privilegialis,</span> <span class='ocrx_word' id='word_1_253' title='bbox 1221 3218 1306 3278; x_wconf 88' lang='lat' dir='ltr'>salva</span> <span class='ocrx_word' id='word_1_254' title='bbox 1344 3232 1450 3279; x_wconf 90' lang='lat' dir='ltr'>tamen</span> 
     </span>
     <span class='ocr_line' id='line_1_29' title="bbox 192 3318 1450 3403; baseline 0.004 -22"><span class='ocrx_word' id='word_1_255' title='bbox 192 3318 253 3381; x_wconf 88' lang='lat' dir='ltr'>alia</span> <span class='ocrx_word' id='word_1_256' title='bbox 279 3319 450 3381; x_wconf 89' lang='lat' dir='ltr'>medietate</span> <span class='ocrx_word' id='word_1_257' title='bbox 486 3321 632 3381; x_wconf 90' lang='lat' dir='ltr'>omnium</span> <span class='ocrx_word' id='word_1_258' title='bbox 670 3321 897 3401; x_wconf 88' lang='lat' dir='ltr'>premissorum</span> <span class='ocrx_word' id='word_1_259' title='bbox 933 3322 1096 3403; x_wconf 89' lang='lat' dir='ltr'>Stephano</span> <span class='ocrx_word' id='word_1_260' title='bbox 1125 3322 1191 3385; x_wconf 88' lang='lat' dir='ltr'>filio</span> <span class='ocrx_word' id='word_1_261' title='bbox 1224 3325 1369 3386; x_wconf 89' lang='lat' dir='ltr'>eiusdem</span> <span class='ocrx_word' id='word_1_262' title='bbox 1395 3324 1450 3386; x_wconf 94' lang='lat' dir='ltr'>do·</span> 
     </span>
     <span class='ocr_line' id='line_1_30' title="bbox 194 3424 1205 3510; baseline 0.006 -25"><span class='ocrx_word' id='word_1_263' title='bbox 194 3424 280 3487; x_wconf 89' lang='lat' dir='ltr'>mine</span> <span class='ocrx_word' id='word_1_264' title='bbox 307 3424 470 3487; x_wconf 89' lang='lat' dir='ltr'>Dorothee</span> <span class='ocrx_word' id='word_1_265' title='bbox 494 3445 620 3508; x_wconf 90' lang='lat' dir='ltr'>semper</span> <span class='ocrx_word' id='word_1_266' title='bbox 644 3426 730 3486; x_wconf 88' lang='lat' dir='ltr'>salva</span> <span class='ocrx_word' id='word_1_267' title='bbox 756 3440 785 3487; x_wconf 91' lang='lat' dir='ltr'>et</span> <span class='ocrx_word' id='word_1_268' title='bbox 810 3427 962 3489; x_wconf 86' lang='lat' dir='ltr'>inviolata</span> <span class='ocrx_word' id='word_1_269' title='bbox 987 3443 1205 3510; x_wconf 86' lang='lat' dir='ltr'>permanente.</span> 
     </span>
    </p>
   </div>
   <div class='ocr_carea' id='block_1_4' title="bbox 0 0 1723 5256">
    <p class='ocr_par' dir='ltr' id='par_1_4' title="bbox 0 0 1723 5256">
     <span class='ocr_line' id='line_1_31' title="bbox 0 0 1723 5256; baseline 0 0"><span class='ocrx_word' id='word_1_270' title='bbox 0 0 1723 5256; x_wconf 95' lang='lat' dir='ltr'> </span> 
     </span>
    </p>
   </div>
  </div>
 </body>
</html>
