<?xml version="1.0" encoding="UTF-8"?>
<!DOCTYPE html PUBLIC "-//W3C//DTD XHTML 1.0 Transitional//EN"
    "http://www.w3.org/TR/xhtml1/DTD/xhtml1-transitional.dtd">
<html xmlns="http://www.w3.org/1999/xhtml" xml:lang="en" lang="en">
 <head>
  <title>
</title>
<meta http-equiv="Content-Type" content="text/html;charset=utf-8" />
  <meta name='ocr-system' content='tesseract 3.04.00' />
  <meta name='ocr-capabilities' content='ocr_page ocr_carea ocr_par ocr_line ocrx_word'/>
</head>
<body>
  <div class='ocr_page' id='page_1' title='image "./monumentahistor02laszgoog_0301.png"; bbox 0 0 3428 5256; ppageno 0'>
   <div class='ocr_carea' id='block_1_1' title="bbox 239 312 935 385">
    <p class='ocr_par' dir='ltr' id='par_1_1' title="bbox 239 312 935 385">
     <span class='ocr_line' id='line_1_1' title="bbox 239 312 935 385; baseline 0.009 -19"><span class='ocrx_word' id='word_1_1' title='bbox 239 325 299 385; x_wconf 86' lang='lat'>252</span> <span class='ocrx_word' id='word_1_2' title='bbox 787 312 935 372; x_wconf 81' lang='lat' dir='ltr'><em>Rationes.</em></span> 
     </span>
    </p>
   </div>
   <div class='ocr_carea' id='block_1_2' title="bbox 233 515 1510 924">
    <p class='ocr_par' dir='ltr' id='par_1_2' title="bbox 233 515 1510 704">
     <span class='ocr_line' id='line_1_2' title="bbox 340 515 1510 608; baseline 0.01 -29"><span class='ocrx_word' id='word_1_3' title='bbox 340 515 416 579; x_wconf 86' lang='lat' dir='ltr'>Item</span> <span class='ocrx_word' id='word_1_4' title='bbox 443 517 521 579; x_wconf 88' lang='lat' dir='ltr'>feria</span> <span class='ocrx_word' id='word_1_5' title='bbox 546 521 643 580; x_wconf 87' lang='lat' dir='ltr'>tercia</span> <span class='ocrx_word' id='word_1_6' title='bbox 668 536 740 583; x_wconf 91' lang='lat' dir='ltr'>ante</span> <span class='ocrx_word' id='word_1_7' title='bbox 765 519 883 585; x_wconf 82' lang='lat' dir='ltr'>festum</span> <span class='ocrx_word' id='word_1_8' title='bbox 909 523 1149 588; x_wconf 85' lang='lat' dir='ltr'>Purificacionis</span> <span class='ocrx_word' id='word_1_9' title='bbox 1181 527 1255 587; x_wconf 90' lang='lat' dir='ltr'>dedi</span> <span class='ocrx_word' id='word_1_10' title='bbox 1282 526 1426 608; x_wconf 80' lang='lat' dir='ltr'>Georgio</span> <span class='ocrx_word' id='word_1_11' title='bbox 1453 550 1510 591; x_wconf 86' lang='lat' dir='ltr'>sa·</span> 
     </span>
     <span class='ocr_line' id='line_1_3' title="bbox 233 625 1201 704; baseline 0.011 -21"><span class='ocrx_word' id='word_1_12' title='bbox 233 625 364 704; x_wconf 83' lang='lat' dir='ltr'>gittario</span> <span class='ocrx_word' id='word_1_13' title='bbox 389 625 428 685; x_wconf 89' lang='lat' dir='ltr'>ad</span> <span class='ocrx_word' id='word_1_14' title='bbox 453 626 732 688; x_wconf 89' lang='lat' dir='ltr'>subsoleacionem</span> <span class='ocrx_word' id='word_1_15' title='bbox 766 649 1007 695; x_wconf 89' lang='lat' dir='ltr'>ocrearum...</span> <span class='ocrx_word' id='word_1_16' title='bbox 1031 633 1088 695; x_wconf 91' lang='lat' dir='ltr'>sol.</span> <span class='ocrx_word' id='word_1_17' title='bbox 1112 630 1201 695; x_wconf 87' lang='lat' dir='ltr'>Vflfl.</span> 
     </span>
    </p>

    <p class='ocr_par' dir='ltr' id='par_1_3' title="bbox 341 732 931 814">
     <span class='ocr_line' id='line_1_4' title="bbox 341 732 931 814; baseline 0.014 -23"><span class='ocrx_word' id='word_1_18' title='bbox 341 732 471 793; x_wconf 80' lang='lat' dir='ltr'>Libram</span> <span class='ocrx_word' id='word_1_19' title='bbox 494 733 596 814; x_wconf 85' lang='lat' dir='ltr'>papiri</span> <span class='ocrx_word' id='word_1_20' title='bbox 622 734 685 794; x_wconf 90' lang='lat' dir='ltr'>emi</span> <span class='ocrx_word' id='word_1_21' title='bbox 704 783 711 797; x_wconf 91' lang='lat'><strong>.</strong></span> <span class='ocrx_word' id='word_1_22' title='bbox 728 783 759 798; x_wconf 86' lang='lat'>..</span> <span class='ocrx_word' id='word_1_23' title='bbox 783 736 841 798; x_wconf 93' lang='lat' dir='ltr'>sol.</span> <span class='ocrx_word' id='word_1_24' title='bbox 870 734 931 800; x_wconf 88' lang='lat' dir='ltr'>Vll.</span> 
     </span>
    </p>

    <p class='ocr_par' dir='ltr' id='par_1_4' title="bbox 338 837 1505 924">
     <span class='ocr_line' id='line_1_5' title="bbox 338 837 1505 924; baseline 0.007 -24"><span class='ocrx_word' id='word_1_25' title='bbox 338 837 415 900; x_wconf 80' lang='lat' dir='ltr'>Item</span> <span class='ocrx_word' id='word_1_26' title='bbox 452 837 528 900; x_wconf 89' lang='lat' dir='ltr'>feria</span> <span class='ocrx_word' id='word_1_27' title='bbox 561 854 647 900; x_wconf 83' lang='lat' dir='ltr'>sexta</span> <span class='ocrx_word' id='word_1_28' title='bbox 681 841 712 901; x_wconf 89' lang='lat' dir='ltr'>in</span> <span class='ocrx_word' id='word_1_29' title='bbox 754 841 835 904; x_wconf 90' lang='lat' dir='ltr'>festo</span> <span class='ocrx_word' id='word_1_30' title='bbox 868 842 1109 904; x_wconf 83' lang='lat' dir='ltr'>Purificacionis</span> <span class='ocrx_word' id='word_1_31' title='bbox 1141 858 1172 906; x_wconf 88' lang='lat' dir='ltr'>et</span> <span class='ocrx_word' id='word_1_32' title='bbox 1203 845 1274 906; x_wconf 89' lang='lat' dir='ltr'>aliis</span> <span class='ocrx_word' id='word_1_33' title='bbox 1304 844 1505 924; x_wconf 87' lang='lat' dir='ltr'>jejuniorum</span> 
     </span>
    </p>
   </div>
   <div class='ocr_carea' id='block_1_3' title="bbox 233 942 1505 1113">
    <p class='ocr_par' dir='ltr' id='par_1_5' title="bbox 233 942 1505 1113">
     <span class='ocr_line' id='line_1_6' title="bbox 233 942 1505 1029; baseline 0.009 -26"><span class='ocrx_word' id='word_1_34' title='bbox 233 942 347 1005; x_wconf 91' lang='lat' dir='ltr'>diebus</span> <span class='ocrx_word' id='word_1_35' title='bbox 379 945 466 1025; x_wconf 90' lang='lat' dir='ltr'>prius</span> <span class='ocrx_word' id='word_1_36' title='bbox 497 945 655 1026; x_wconf 79' lang='lat' dir='ltr'>preteritis</span> <span class='ocrx_word' id='word_1_37' title='bbox 688 949 751 1008; x_wconf 89' lang='lat' dir='ltr'>emi</span> <span class='ocrx_word' id='word_1_38' title='bbox 784 949 886 1029; x_wconf 87' lang='lat' dir='ltr'>pisces</span> <span class='ocrx_word' id='word_1_39' title='bbox 919 948 1067 1010; x_wconf 82' lang='lat' dir='ltr'>familiari</span> <span class='ocrx_word' id='word_1_40' title='bbox 1105 950 1228 1011; x_wconf 91' lang='lat' dir='ltr'>domini</span> <span class='ocrx_word' id='word_1_41' title='bbox 1264 951 1296 1012; x_wconf 89' lang='lat' dir='ltr'>in</span> <span class='ocrx_word' id='word_1_42' title='bbox 1321 964 1505 1016; x_wconf 89' lang='lat' dir='ltr'>castro...</span> 
     </span>
     <span class='ocr_line' id='line_1_7' title="bbox 233 1048 397 1113; baseline 0.024 -4"><span class='ocrx_word' id='word_1_43' title='bbox 233 1050 293 1111; x_wconf 89' lang='lat' dir='ltr'>sol.</span> <span class='ocrx_word' id='word_1_44' title='bbox 316 1048 397 1113; x_wconf 88' lang='lat' dir='ltr'>XVl.</span> 
     </span>
    </p>
   </div>
   <div class='ocr_carea' id='block_1_4' title="bbox 335 1155 1504 1562">
    <p class='ocr_par' dir='ltr' id='par_1_6' title="bbox 335 1155 1504 1562">
     <span class='ocr_line' id='line_1_8' title="bbox 335 1155 1504 1226; baseline 0.006 -7"><span class='ocrx_word' id='word_1_45' title='bbox 335 1155 412 1219; x_wconf 86' lang='lat' dir='ltr'>Item</span> <span class='ocrx_word' id='word_1_46' title='bbox 431 1157 462 1218; x_wconf 89' lang='lat' dir='ltr'>in</span> <span class='ocrx_word' id='word_1_47' title='bbox 482 1155 563 1219; x_wconf 88' lang='lat' dir='ltr'>festo</span> <span class='ocrx_word' id='word_1_48' title='bbox 579 1158 739 1220; x_wconf 87' lang='lat' dir='ltr'>Karhedre</span> <span class='ocrx_word' id='word_1_49' title='bbox 759 1160 842 1222; x_wconf 86' lang='lat' dir='ltr'>Petri</span> <span class='ocrx_word' id='word_1_50' title='bbox 857 1161 981 1222; x_wconf 87' lang='lat' dir='ltr'>Simoni</span> <span class='ocrx_word' id='word_1_51' title='bbox 1000 1161 1206 1223; x_wconf 89' lang='lat' dir='ltr'>tubicinatori</span> <span class='ocrx_word' id='word_1_52' title='bbox 1225 1162 1299 1224; x_wconf 91' lang='lat' dir='ltr'>dedi</span> <span class='ocrx_word' id='word_1_53' title='bbox 1318 1209 1326 1226; x_wconf 88' lang='lat'><strong>.</strong></span> <span class='ocrx_word' id='word_1_54' title='bbox 1342 1211 1349 1225; x_wconf 91' lang='lat'><strong>.</strong></span> <span class='ocrx_word' id='word_1_55' title='bbox 1366 1210 1373 1226; x_wconf 93' lang='lat'><strong>.</strong></span> <span class='ocrx_word' id='word_1_56' title='bbox 1390 1163 1449 1225; x_wconf 91' lang='lat' dir='ltr'>sol.</span> <span class='ocrx_word' id='word_1_57' title='bbox 1466 1160 1504 1226; x_wconf 76' lang='lat'>1⁰.</span> 
     </span>
     <span class='ocr_line' id='line_1_9' title="bbox 336 1261 1504 1349; baseline 0.007 -24"><span class='ocrx_word' id='word_1_58' title='bbox 336 1261 413 1325; x_wconf 90' lang='lat' dir='ltr'>Item</span> <span class='ocrx_word' id='word_1_59' title='bbox 429 1262 594 1325; x_wconf 89' lang='lat' dir='ltr'>Demetrio</span> <span class='ocrx_word' id='word_1_60' title='bbox 609 1263 758 1327; x_wconf 81' lang='lat' dir='ltr'>familiari</span> <span class='ocrx_word' id='word_1_61' title='bbox 771 1286 844 1328; x_wconf 91' lang='lat' dir='ltr'>meo</span> <span class='ocrx_word' id='word_1_62' title='bbox 858 1287 915 1349; x_wconf 89' lang='lat' dir='ltr'>pro</span> <span class='ocrx_word' id='word_1_63' title='bbox 925 1268 1072 1349; x_wconf 86' lang='lat' dir='ltr'>expensis</span> <span class='ocrx_word' id='word_1_64' title='bbox 1089 1269 1128 1329; x_wconf 91' lang='lat' dir='ltr'>ad</span> <span class='ocrx_word' id='word_1_65' title='bbox 1141 1269 1306 1330; x_wconf 90' lang='lat' dir='ltr'>Petoviam</span> <span class='ocrx_word' id='word_1_66' title='bbox 1324 1319 1330 1332; x_wconf 94' lang='lat'><strong><em>.</em></strong></span> <span class='ocrx_word' id='word_1_67' title='bbox 1347 1321 1353 1334; x_wconf 87' lang='lat'>.</span> <span class='ocrx_word' id='word_1_68' title='bbox 1371 1269 1504 1333; x_wconf 79' lang='lat' dir='ltr'>‚sol.L.</span> 
     </span>
     <span class='ocr_line' id='line_1_10' title="bbox 337 1369 1403 1453; baseline 0.009 -25"><span class='ocrx_word' id='word_1_69' title='bbox 337 1369 444 1430; x_wconf 89' lang='lat' dir='ltr'>Blasio</span> <span class='ocrx_word' id='word_1_70' title='bbox 469 1370 594 1431; x_wconf 89' lang='lat' dir='ltr'>Rosech</span> <span class='ocrx_word' id='word_1_71' title='bbox 619 1391 676 1453; x_wconf 95' lang='lat' dir='ltr'>pro</span> <span class='ocrx_word' id='word_1_72' title='bbox 701 1374 846 1453; x_wconf 79' lang='lat' dir='ltr'>expensis</span> <span class='ocrx_word' id='word_1_73' title='bbox 878 1394 987 1435; x_wconf 89' lang='lat' dir='ltr'>versus</span> <span class='ocrx_word' id='word_1_74' title='bbox 1011 1375 1189 1437; x_wconf 86' lang='lat' dir='ltr'>Zalathnok</span> <span class='ocrx_word' id='word_1_75' title='bbox 1207 1425 1214 1439; x_wconf 86' lang='lat'><strong>.</strong></span> <span class='ocrx_word' id='word_1_76' title='bbox 1231 1425 1261 1439; x_wconf 91' lang='lat'>..</span> <span class='ocrx_word' id='word_1_77' title='bbox 1285 1378 1343 1439; x_wconf 90' lang='lat' dir='ltr'>sol.</span> <span class='ocrx_word' id='word_1_78' title='bbox 1368 1377 1403 1438; x_wconf 90' lang='lat' dir='ltr'>L.</span> 
     </span>
     <span class='ocr_line' id='line_1_11' title="bbox 339 1472 1439 1562; baseline 0.01 -27"><span class='ocrx_word' id='word_1_79' title='bbox 339 1472 415 1536; x_wconf 85' lang='lat' dir='ltr'>Item</span> <span class='ocrx_word' id='word_1_80' title='bbox 442 1474 518 1536; x_wconf 88' lang='lat' dir='ltr'>feria</span> <span class='ocrx_word' id='word_1_81' title='bbox 544 1492 629 1538; x_wconf 88' lang='lat' dir='ltr'>sexta</span> <span class='ocrx_word' id='word_1_82' title='bbox 655 1478 686 1538; x_wconf 91' lang='lat' dir='ltr'>in</span> <span class='ocrx_word' id='word_1_83' title='bbox 713 1479 823 1559; x_wconf 87' lang='lat' dir='ltr'>vigilia</span> <span class='ocrx_word' id='word_1_84' title='bbox 850 1481 969 1540; x_wconf 80' lang='lat' dir='ltr'>Mathia</span> <span class='ocrx_word' id='word_1_85' title='bbox 995 1481 1058 1541; x_wconf 91' lang='lat' dir='ltr'>emi</span> <span class='ocrx_word' id='word_1_86' title='bbox 1084 1482 1257 1562; x_wconf 91' lang='lat' dir='ltr'>pisces...</span> <span class='ocrx_word' id='word_1_87' title='bbox 1280 1484 1339 1546; x_wconf 88' lang='lat' dir='ltr'>sol.</span> <span class='ocrx_word' id='word_1_88' title='bbox 1364 1482 1439 1547; x_wconf 92' lang='lat' dir='ltr'>Vfll.</span> 
     </span>
    </p>
   </div>
   <div class='ocr_carea' id='block_1_5' title="bbox 230 1578 1501 1751">
    <p class='ocr_par' dir='ltr' id='par_1_7' title="bbox 230 1578 1501 1751">
     <span class='ocr_line' id='line_1_12' title="bbox 339 1578 1501 1668; baseline 0.009 -26"><span class='ocrx_word' id='word_1_89' title='bbox 339 1578 417 1643; x_wconf 86' lang='lat' dir='ltr'>Item</span> <span class='ocrx_word' id='word_1_90' title='bbox 442 1583 575 1644; x_wconf 89' lang='lat' dir='ltr'>sabbato</span> <span class='ocrx_word' id='word_1_91' title='bbox 601 1583 632 1643; x_wconf 88' lang='lat' dir='ltr'>in</span> <span class='ocrx_word' id='word_1_92' title='bbox 659 1582 741 1645; x_wconf 84' lang='lat' dir='ltr'>festo</span> <span class='ocrx_word' id='word_1_93' title='bbox 775 1606 798 1648; x_wconf 87' lang='lat' dir='ltr'>s.</span> <span class='ocrx_word' id='word_1_94' title='bbox 833 1586 954 1648; x_wconf 83' lang='lat' dir='ltr'>Mathie</span> <span class='ocrx_word' id='word_1_95' title='bbox 989 1586 1148 1668; x_wconf 83' lang='lat' dir='ltr'>Gregorio</span> <span class='ocrx_word' id='word_1_96' title='bbox 1174 1589 1316 1650; x_wconf 89' lang='lat' dir='ltr'>Bradacb</span> <span class='ocrx_word' id='word_1_97' title='bbox 1350 1588 1501 1653; x_wconf 89' lang='lat' dir='ltr'>dedi...</span> 
     </span>
     <span class='ocr_line' id='line_1_13' title="bbox 230 1685 389 1751; baseline 0.025 -5"><span class='ocrx_word' id='word_1_98' title='bbox 230 1687 290 1749; x_wconf 88' lang='lat' dir='ltr'>sol.</span> <span class='ocrx_word' id='word_1_99' title='bbox 314 1685 389 1751; x_wconf 78' lang='lat' dir='ltr'>lf⁰L.</span> 
     </span>
    </p>
   </div>
   <div class='ocr_carea' id='block_1_6' title="bbox 222 1790 1492 4731">
    <p class='ocr_par' dir='ltr' id='par_1_8' title="bbox 336 1790 878 1874">
     <span class='ocr_line' id='line_1_14' title="bbox 336 1790 878 1874; baseline 0.013 -21"><span class='ocrx_word' id='word_1_100' title='bbox 336 1793 504 1855; x_wconf 82' lang='lat' dir='ltr'>Anthonio</span> <span class='ocrx_word' id='word_1_101' title='bbox 529 1790 646 1874; x_wconf 81' lang='lat' dir='ltr'>magiro</span> <span class='ocrx_word' id='word_1_102' title='bbox 664 1844 671 1858; x_wconf 91' lang='lat'><strong>.</strong></span> <span class='ocrx_word' id='word_1_103' title='bbox 687 1844 718 1859; x_wconf 85' lang='lat'>..</span> <span class='ocrx_word' id='word_1_104' title='bbox 747 1797 806 1860; x_wconf 90' lang='lat' dir='ltr'>sol.</span> <span class='ocrx_word' id='word_1_105' title='bbox 833 1795 878 1860; x_wconf 88' lang='lat'>11··.</span> 
     </span>
    </p>

    <p class='ocr_par' dir='ltr' id='par_1_9' title="bbox 336 1900 783 1981">
     <span class='ocr_line' id='line_1_15' title="bbox 336 1900 783 1981; baseline 0.013 -22"><span class='ocrx_word' id='word_1_106' title='bbox 336 1900 437 1960; x_wconf 89' lang='lat' dir='ltr'>Paulo</span> <span class='ocrx_word' id='word_1_107' title='bbox 462 1900 556 1981; x_wconf 86' lang='lat' dir='ltr'>Allya</span> <span class='ocrx_word' id='word_1_108' title='bbox 574 1950 580 1963; x_wconf 93' lang='lat'>.</span> <span class='ocrx_word' id='word_1_109' title='bbox 597 1947 629 1963; x_wconf 89' lang='lat'>..</span> <span class='ocrx_word' id='word_1_110' title='bbox 655 1902 712 1964; x_wconf 91' lang='lat' dir='ltr'>sol.</span> <span class='ocrx_word' id='word_1_111' title='bbox 736 1901 783 1966; x_wconf 56' lang='lat' dir='ltr'>lle.</span> 
     </span>
    </p>

    <p class='ocr_par' dir='ltr' id='par_1_10' title="bbox 335 2003 1073 2089">
     <span class='ocr_line' id='line_1_16' title="bbox 335 2003 1073 2089; baseline 0.012 -24"><span class='ocrx_word' id='word_1_112' title='bbox 335 2003 412 2066; x_wconf 78' lang='lat' dir='ltr'>ftem</span> <span class='ocrx_word' id='word_1_113' title='bbox 439 2005 554 2067; x_wconf 89' lang='lat' dir='ltr'>eodem</span> <span class='ocrx_word' id='word_1_114' title='bbox 581 2007 632 2068; x_wconf 93' lang='lat' dir='ltr'>die</span> <span class='ocrx_word' id='word_1_115' title='bbox 650 2009 713 2069; x_wconf 90' lang='lat' dir='ltr'>emi</span> <span class='ocrx_word' id='word_1_116' title='bbox 736 2010 909 2089; x_wconf 88' lang='lat' dir='ltr'>pisces...</span> <span class='ocrx_word' id='word_1_117' title='bbox 932 2011 990 2072; x_wconf 87' lang='lat' dir='ltr'>sol.</span> <span class='ocrx_word' id='word_1_118' title='bbox 1014 2009 1073 2075; x_wconf 92' lang='lat' dir='ltr'>llff.</span> 
     </span>
    </p>

    <p class='ocr_par' dir='ltr' id='par_1_11' title="bbox 335 2111 1164 2197">
     <span class='ocr_line' id='line_1_17' title="bbox 335 2111 1164 2197; baseline 0.01 -25"><span class='ocrx_word' id='word_1_119' title='bbox 335 2111 472 2172; x_wconf 87' lang='lat' dir='ltr'>Janlroni</span> <span class='ocrx_word' id='word_1_120' title='bbox 498 2113 605 2173; x_wconf 88' lang='lat' dir='ltr'>hwzar</span> <span class='ocrx_word' id='word_1_121' title='bbox 630 2113 669 2174; x_wconf 91' lang='lat' dir='ltr'>de</span> <span class='ocrx_word' id='word_1_122' title='bbox 693 2111 841 2197; x_wconf 71' lang='lat' dir='ltr'>favanych</span> <span class='ocrx_word' id='word_1_123' title='bbox 866 2116 1013 2181; x_wconf 90' lang='lat' dir='ltr'>dedi...</span> <span class='ocrx_word' id='word_1_124' title='bbox 1036 2117 1094 2180; x_wconf 91' lang='lat' dir='ltr'>sol.</span> <span class='ocrx_word' id='word_1_125' title='bbox 1117 2116 1164 2180; x_wconf 79' lang='lat'><em>110.</em></span> 
     </span>
    </p>

    <p class='ocr_par' dir='ltr' id='par_1_12' title="bbox 335 2218 1126 2311">
     <span class='ocr_line' id='line_1_18' title="bbox 335 2218 1126 2311; baseline 0.011 -33"><span class='ocrx_word' id='word_1_126' title='bbox 335 2218 455 2279; x_wconf 87' lang='lat' dir='ltr'>Jacobo</span> <span class='ocrx_word' id='word_1_127' title='bbox 482 2219 658 2301; x_wconf 84' lang='lat' dir='ltr'>Pergarych</span> <span class='ocrx_word' id='word_1_128' title='bbox 677 2268 684 2282; x_wconf 93' lang='lat'><strong>.</strong></span> <span class='ocrx_word' id='word_1_129' title='bbox 701 2269 731 2283; x_wconf 91' lang='lat'>..</span> <span class='ocrx_word' id='word_1_130' title='bbox 755 2221 812 2283; x_wconf 92' lang='lat' dir='ltr'>sol.</span> <span class='ocrx_word' id='word_1_131' title='bbox 836 2221 869 2284; x_wconf 81' lang='lat'>1⁰.</span> <span class='ocrx_word' id='word_1_132' title='bbox 1125 2308 1126 2311; x_wconf 8' lang='grc' dir='ltr'><strong>Ἴ</strong></span> 
     </span>
    </p>

    <p class='ocr_par' dir='ltr' id='par_1_13' title="bbox 228 2322 1492 2511">
     <span class='ocr_line' id='line_1_19' title="bbox 334 2322 1492 2409; baseline 0.007 -24"><span class='ocrx_word' id='word_1_133' title='bbox 334 2322 411 2385; x_wconf 90' lang='lat' dir='ltr'>Item</span> <span class='ocrx_word' id='word_1_134' title='bbox 439 2323 515 2385; x_wconf 88' lang='lat' dir='ltr'>feria</span> <span class='ocrx_word' id='word_1_135' title='bbox 541 2327 637 2387; x_wconf 82' lang='lat' dir='ltr'>tercia</span> <span class='ocrx_word' id='word_1_136' title='bbox 662 2328 806 2408; x_wconf 86' lang='lat' dir='ltr'>proxima</span> <span class='ocrx_word' id='word_1_137' title='bbox 829 2343 900 2409; x_wconf 90' lang='lat' dir='ltr'>post</span> <span class='ocrx_word' id='word_1_138' title='bbox 925 2327 1040 2390; x_wconf 86' lang='lat' dir='ltr'>festum</span> <span class='ocrx_word' id='word_1_139' title='bbox 1066 2330 1164 2391; x_wconf 87' lang='lat' dir='ltr'>sancti</span> <span class='ocrx_word' id='word_1_140' title='bbox 1190 2329 1311 2392; x_wconf 88' lang='lat' dir='ltr'>Mathie</span> <span class='ocrx_word' id='word_1_141' title='bbox 1336 2330 1411 2392; x_wconf 89' lang='lat' dir='ltr'>dedi</span> <span class='ocrx_word' id='word_1_142' title='bbox 1436 2332 1492 2393; x_wconf 93' lang='lat' dir='ltr'>Ni·</span> 
     </span>
     <span class='ocr_line' id='line_1_20' title="bbox 228 2430 667 2511; baseline 0.011 -21"><span class='ocrx_word' id='word_1_143' title='bbox 228 2431 320 2491; x_wconf 84' lang='lat' dir='ltr'>colao</span> <span class='ocrx_word' id='word_1_144' title='bbox 345 2449 516 2511; x_wconf 88' lang='lat' dir='ltr'>parvo...</span> <span class='ocrx_word' id='word_1_145' title='bbox 541 2432 598 2494; x_wconf 92' lang='lat' dir='ltr'>sol.</span> <span class='ocrx_word' id='word_1_146' title='bbox 622 2430 667 2495; x_wconf 76' lang='lat'>110.</span> 
     </span>
    </p>

    <p class='ocr_par' dir='ltr' id='par_1_14' title="bbox 335 2536 784 2618">
     <span class='ocr_line' id='line_1_21' title="bbox 335 2536 784 2618; baseline 0.011 -22"><span class='ocrx_word' id='word_1_147' title='bbox 335 2536 414 2618; x_wconf 88' lang='lat' dir='ltr'>Elye</span> <span class='ocrx_word' id='word_1_148' title='bbox 439 2538 612 2600; x_wconf 86' lang='lat' dir='ltr'>bwzar...</span> <span class='ocrx_word' id='word_1_149' title='bbox 644 2539 702 2601; x_wconf 89' lang='lat' dir='ltr'>sol.</span> <span class='ocrx_word' id='word_1_150' title='bbox 727 2537 784 2601; x_wconf 76' lang='lat' dir='ltr'>lfl0.</span> 
     </span>
    </p>

    <p class='ocr_par' dir='ltr' id='par_1_15' title="bbox 235 2641 851 2725">
     <span class='ocr_line' id='line_1_22' title="bbox 235 2641 851 2725; baseline 0.011 -24"><span class='ocrx_word' id='word_1_151' title='bbox 235 2707 237 2710; x_wconf 57' lang='grc'><strong>,</strong></span> <span class='ocrx_word' id='word_1_152' title='bbox 337 2641 457 2704; x_wconf 85' lang='lat' dir='ltr'>Jacobo</span> <span class='ocrx_word' id='word_1_153' title='bbox 482 2642 698 2725; x_wconf 89' lang='lat' dir='ltr'>dapifero...</span> <span class='ocrx_word' id='word_1_154' title='bbox 722 2645 779 2707; x_wconf 91' lang='lat' dir='ltr'>sol.</span> <span class='ocrx_word' id='word_1_155' title='bbox 804 2644 851 2708; x_wconf 91' lang='lat' dir='ltr'>lf.</span> 
     </span>
    </p>

    <p class='ocr_par' dir='ltr' id='par_1_16' title="bbox 333 2747 896 2830">
     <span class='ocr_line' id='line_1_23' title="bbox 333 2747 896 2830; baseline 0.011 -22"><span class='ocrx_word' id='word_1_156' title='bbox 333 2747 498 2830; x_wconf 85' lang='lat' dir='ltr'>Stephano</span> <span class='ocrx_word' id='word_1_157' title='bbox 524 2750 666 2811; x_wconf 88' lang='lat' dir='ltr'>Bradach</span> <span class='ocrx_word' id='word_1_158' title='bbox 685 2800 691 2814; x_wconf 93' lang='lat'><em>.</em></span> <span class='ocrx_word' id='word_1_159' title='bbox 709 2800 738 2813; x_wconf 92' lang='lat'>..</span> <span class='ocrx_word' id='word_1_160' title='bbox 770 2752 828 2813; x_wconf 88' lang='lat' dir='ltr'>sol.</span> <span class='ocrx_word' id='word_1_161' title='bbox 851 2750 896 2814; x_wconf 64' lang='lat' dir='ltr'>lli.</span> 
     </span>
    </p>

    <p class='ocr_par' dir='ltr' id='par_1_17' title="bbox 333 2852 895 2935">
     <span class='ocr_line' id='line_1_24' title="bbox 333 2852 895 2935; baseline 0.007 -19"><span class='ocrx_word' id='word_1_162' title='bbox 333 2852 491 2935; x_wconf 83' lang='lat' dir='ltr'>Gregorio</span> <span class='ocrx_word' id='word_1_163' title='bbox 515 2856 670 2917; x_wconf 79' lang='lat' dir='ltr'>Tharnolc</span> <span class='ocrx_word' id='word_1_164' title='bbox 688 2906 694 2920; x_wconf 92' lang='lat'><strong>.</strong></span> <span class='ocrx_word' id='word_1_165' title='bbox 712 2907 741 2920; x_wconf 91' lang='lat'>..</span> <span class='ocrx_word' id='word_1_166' title='bbox 769 2859 827 2920; x_wconf 90' lang='lat' dir='ltr'>sol.</span> <span class='ocrx_word' id='word_1_167' title='bbox 850 2856 895 2920; x_wconf 58' lang='grc' dir='ltr'>ΠΟ.</span> 
     </span>
    </p>

    <p class='ocr_par' dir='ltr' id='par_1_18' title="bbox 333 2963 914 3026">
     <span class='ocr_line' id='line_1_25' title="bbox 333 2963 914 3026; baseline 0.005 -4"><span class='ocrx_word' id='word_1_168' title='bbox 333 2964 459 3024; x_wconf 82' lang='lat' dir='ltr'>Andree</span> <span class='ocrx_word' id='word_1_169' title='bbox 484 2964 688 3024; x_wconf 83' lang='lat' dir='ltr'>tubicinatori</span> <span class='ocrx_word' id='word_1_170' title='bbox 707 3013 713 3026; x_wconf 92' lang='lat'>.</span> <span class='ocrx_word' id='word_1_171' title='bbox 730 3013 760 3026; x_wconf 92' lang='lat'>..</span> <span class='ocrx_word' id='word_1_172' title='bbox 784 2965 841 3025; x_wconf 88' lang='lat' dir='ltr'>sol.</span> <span class='ocrx_word' id='word_1_173' title='bbox 867 2963 914 3025; x_wconf 74' lang='lat' dir='ltr'>llc.</span> 
     </span>
    </p>

    <p class='ocr_par' dir='ltr' id='par_1_19' title="bbox 226 3067 1488 3363">
     <span class='ocr_line' id='line_1_26' title="bbox 332 3067 1485 3153; baseline 0.002 -22"><span class='ocrx_word' id='word_1_174' title='bbox 332 3067 408 3131; x_wconf 82' lang='lat' dir='ltr'>Item</span> <span class='ocrx_word' id='word_1_175' title='bbox 435 3068 512 3130; x_wconf 92' lang='lat' dir='ltr'>feria</span> <span class='ocrx_word' id='word_1_176' title='bbox 545 3071 640 3132; x_wconf 88' lang='lat' dir='ltr'>tercia</span> <span class='ocrx_word' id='word_1_177' title='bbox 674 3071 939 3152; x_wconf 81' lang='lat' dir='ltr'>Carnisprivinali</span> <span class='ocrx_word' id='word_1_178' title='bbox 973 3090 1030 3152; x_wconf 89' lang='lat' dir='ltr'>pro</span> <span class='ocrx_word' id='word_1_179' title='bbox 1062 3071 1227 3153; x_wconf 83' lang='lat' dir='ltr'>Matheycz</span> <span class='ocrx_word' id='word_1_180' title='bbox 1261 3071 1371 3132; x_wconf 88' lang='lat' dir='ltr'>curiali</span> <span class='ocrx_word' id='word_1_181' title='bbox 1397 3071 1485 3133; x_wconf 87' lang='lat' dir='ltr'>chas-</span> 
     </span>
     <span class='ocr_line' id='line_1_27' title="bbox 227 3176 1488 3258; baseline 0.004 -24"><span class='ocrx_word' id='word_1_182' title='bbox 227 3176 327 3235; x_wconf 88' lang='lat' dir='ltr'>mensi</span> <span class='ocrx_word' id='word_1_183' title='bbox 363 3177 401 3236; x_wconf 95' lang='lat' dir='ltr'>ad</span> <span class='ocrx_word' id='word_1_184' title='bbox 435 3176 627 3238; x_wconf 85' lang='lat' dir='ltr'>mittendum</span> <span class='ocrx_word' id='word_1_185' title='bbox 660 3197 717 3258; x_wconf 89' lang='lat' dir='ltr'>pro</span> <span class='ocrx_word' id='word_1_186' title='bbox 750 3177 889 3258; x_wconf 89' lang='lat' dir='ltr'>piscibus</span> <span class='ocrx_word' id='word_1_187' title='bbox 922 3177 1055 3237; x_wconf 89' lang='lat' dir='ltr'>domino</span> <span class='ocrx_word' id='word_1_188' title='bbox 1090 3177 1372 3238; x_wconf 85' lang='lat' dir='ltr'>Reverendissimo</span> <span class='ocrx_word' id='word_1_189' title='bbox 1404 3179 1488 3239; x_wconf 88' lang='lat' dir='ltr'>circa</span> 
     </span>
     <span class='ocr_line' id='line_1_28' title="bbox 226 3282 1064 3363; baseline 0.005 -21"><span class='ocrx_word' id='word_1_190' title='bbox 226 3282 513 3363; x_wconf 85' lang='lat' dir='ltr'>Quadragesimam</span> <span class='ocrx_word' id='word_1_191' title='bbox 541 3285 571 3345; x_wconf 91' lang='lat' dir='ltr'>in</span> <span class='ocrx_word' id='word_1_192' title='bbox 598 3283 753 3345; x_wconf 90' lang='lat' dir='ltr'>Gemlech</span> <span class='ocrx_word' id='word_1_193' title='bbox 776 3283 849 3344; x_wconf 91' lang='lat' dir='ltr'>dedi</span> <span class='ocrx_word' id='word_1_194' title='bbox 944 3284 1002 3346; x_wconf 91' lang='lat' dir='ltr'>sol.</span> <span class='ocrx_word' id='word_1_195' title='bbox 1026 3282 1064 3346; x_wconf 83' lang='lat' dir='ltr'>X.</span> 
     </span>
    </p>

    <p class='ocr_par' dir='ltr' id='par_1_20' title="bbox 331 3389 917 3470">
     <span class='ocr_line' id='line_1_29' title="bbox 331 3389 917 3470; baseline 0.003 -21"><span class='ocrx_word' id='word_1_196' title='bbox 331 3391 458 3450; x_wconf 85' lang='lat' dir='ltr'>Libram</span> <span class='ocrx_word' id='word_1_197' title='bbox 484 3391 585 3470; x_wconf 90' lang='lat' dir='ltr'>papiri</span> <span class='ocrx_word' id='word_1_198' title='bbox 611 3390 673 3449; x_wconf 90' lang='lat' dir='ltr'>emi</span> <span class='ocrx_word' id='word_1_199' title='bbox 692 3437 699 3451; x_wconf 93' lang='lat'><strong>.</strong></span> <span class='ocrx_word' id='word_1_200' title='bbox 716 3438 746 3451; x_wconf 90' lang='lat'>..</span> <span class='ocrx_word' id='word_1_201' title='bbox 770 3390 828 3452; x_wconf 93' lang='lat' dir='ltr'>sol.</span> <span class='ocrx_word' id='word_1_202' title='bbox 853 3389 917 3452; x_wconf 92' lang='lat' dir='ltr'>Vll.</span> 
     </span>
    </p>

    <p class='ocr_par' dir='ltr' id='par_1_21' title="bbox 329 3494 1274 3578">
     <span class='ocr_line' id='line_1_30' title="bbox 329 3494 1274 3578; baseline 0.003 -21"><span class='ocrx_word' id='word_1_203' title='bbox 329 3494 406 3558; x_wconf 87' lang='lat' dir='ltr'>ftem</span> <span class='ocrx_word' id='word_1_204' title='bbox 432 3497 553 3578; x_wconf 86' lang='lat' dir='ltr'>Polyalr</span> <span class='ocrx_word' id='word_1_205' title='bbox 580 3497 679 3557; x_wconf 89' lang='lat' dir='ltr'>sutori</span> <span class='ocrx_word' id='word_1_206' title='bbox 705 3496 743 3556; x_wconf 92' lang='lat' dir='ltr'>ad</span> <span class='ocrx_word' id='word_1_207' title='bbox 767 3496 930 3557; x_wconf 89' lang='lat' dir='ltr'>saliarium</span> <span class='ocrx_word' id='word_1_208' title='bbox 956 3515 1117 3560; x_wconf 73' lang='lat' dir='ltr'>suum.‚.</span> <span class='ocrx_word' id='word_1_209' title='bbox 1142 3497 1200 3559; x_wconf 89' lang='lat' dir='ltr'>sol.</span> <span class='ocrx_word' id='word_1_210' title='bbox 1225 3496 1274 3560; x_wconf 69' lang='lat'>110.</span> 
     </span>
    </p>

    <p class='ocr_par' dir='ltr' id='par_1_22' title="bbox 224 3601 1486 3789">
     <span class='ocr_line' id='line_1_31' title="bbox 330 3601 1486 3682; baseline 0.002 -18"><span class='ocrx_word' id='word_1_211' title='bbox 330 3601 406 3664; x_wconf 79' lang='lat' dir='ltr'>ltem</span> <span class='ocrx_word' id='word_1_212' title='bbox 443 3604 472 3663; x_wconf 88' lang='lat' dir='ltr'>in</span> <span class='ocrx_word' id='word_1_213' title='bbox 508 3603 676 3663; x_wconf 88' lang='lat' dir='ltr'>Dominica</span> <span class='ocrx_word' id='word_1_214' title='bbox 703 3603 865 3664; x_wconf 82' lang='lat' dir='ltr'>invocavit</span> <span class='ocrx_word' id='word_1_215' title='bbox 899 3603 970 3663; x_wconf 88' lang='lat' dir='ltr'>misi</span> <span class='ocrx_word' id='word_1_216' title='bbox 1003 3603 1190 3682; x_wconf 87' lang='lat' dir='ltr'>Zagrabiam</span> <span class='ocrx_word' id='word_1_217' title='bbox 1224 3605 1324 3678; x_wconf 87' lang='lat' dir='ltr'>pisces</span> <span class='ocrx_word' id='word_1_218' title='bbox 1356 3618 1486 3666; x_wconf 89' lang='lat' dir='ltr'>centurn</span> 
     </span>
     <span class='ocr_line' id='line_1_32' title="bbox 224 3706 1125 3789; baseline 0.001 -21"><span class='ocrx_word' id='word_1_219' title='bbox 224 3710 436 3789; x_wconf 84' lang='lat' dir='ltr'>quadraginta</span> <span class='ocrx_word' id='word_1_220' title='bbox 462 3724 546 3786; x_wconf 80' lang='lat' dir='ltr'>oc10‚</span> <span class='ocrx_word' id='word_1_221' title='bbox 580 3728 661 3789; x_wconf 91' lang='lat' dir='ltr'>quos</span> <span class='ocrx_word' id='word_1_222' title='bbox 686 3728 897 3771; x_wconf 85' lang='lat' dir='ltr'>emeram...</span> <span class='ocrx_word' id='word_1_223' title='bbox 921 3708 978 3769; x_wconf 92' lang='lat' dir='ltr'>sol.</span> <span class='ocrx_word' id='word_1_224' title='bbox 1001 3706 1125 3770; x_wconf 86' lang='lat' dir='ltr'>XLIIll.</span> 
     </span>
    </p>

    <p class='ocr_par' dir='ltr' id='par_1_23' title="bbox 224 3813 1485 4000">
     <span class='ocr_line' id='line_1_33' title="bbox 330 3813 1485 3896; baseline 0.001 -20"><span class='ocrx_word' id='word_1_225' title='bbox 330 3813 408 3876; x_wconf 90' lang='lat' dir='ltr'>ltem</span> <span class='ocrx_word' id='word_1_226' title='bbox 433 3835 488 3896; x_wconf 91' lang='lat' dir='ltr'>per</span> <span class='ocrx_word' id='word_1_227' title='bbox 512 3815 647 3875; x_wconf 90' lang='lat' dir='ltr'>eandem</span> <span class='ocrx_word' id='word_1_228' title='bbox 674 3815 888 3875; x_wconf 89' lang='lat' dir='ltr'>ebdomadam</span> <span class='ocrx_word' id='word_1_229' title='bbox 914 3833 1014 3893; x_wconf 90' lang='lat' dir='ltr'>usque</span> <span class='ocrx_word' id='word_1_230' title='bbox 1044 3813 1239 3874; x_wconf 89' lang='lat' dir='ltr'>dominicam</span> <span class='ocrx_word' id='word_1_231' title='bbox 1266 3815 1485 3878; x_wconf 85' lang='lat' dir='ltr'>Reminiscere</span> 
     </span>
     <span class='ocr_line' id='line_1_34' title="bbox 224 3918 1355 4000; baseline 0.002 -20"><span class='ocrx_word' id='word_1_232' title='bbox 224 3920 262 3980; x_wconf 92' lang='lat' dir='ltr'>ad</span> <span class='ocrx_word' id='word_1_233' title='bbox 291 3920 464 3982; x_wconf 81' lang='lat' dir='ltr'>familiares</span> <span class='ocrx_word' id='word_1_234' title='bbox 490 3921 613 3981; x_wconf 90' lang='lat' dir='ltr'>domini</span> <span class='ocrx_word' id='word_1_235' title='bbox 639 3921 701 3980; x_wconf 89' lang='lat' dir='ltr'>emi</span> <span class='ocrx_word' id='word_1_236' title='bbox 727 3921 828 4000; x_wconf 88' lang='lat' dir='ltr'>pisces</span> <span class='ocrx_word' id='word_1_237' title='bbox 860 3939 918 4000; x_wconf 93' lang='lat' dir='ltr'>pro</span> <span class='ocrx_word' id='word_1_238' title='bbox 943 3938 1124 3981; x_wconf 82' lang='lat' dir='ltr'>mensa...</span> <span class='ocrx_word' id='word_1_239' title='bbox 1147 3918 1204 3980; x_wconf 90' lang='lat' dir='ltr'>sol.</span> <span class='ocrx_word' id='word_1_240' title='bbox 1230 3919 1355 3982; x_wconf 88' lang='lat' dir='ltr'>LXXff.</span> 
     </span>
    </p>

    <p class='ocr_par' dir='ltr' id='par_1_24' title="bbox 222 4024 1482 4214">
     <span class='ocr_line' id='line_1_35' title="bbox 329 4024 1482 4107; baseline 0.001 -20"><span class='ocrx_word' id='word_1_241' title='bbox 329 4026 406 4087; x_wconf 85' lang='lat' dir='ltr'>lrem</span> <span class='ocrx_word' id='word_1_242' title='bbox 433 4029 463 4087; x_wconf 90' lang='lat' dir='ltr'>in</span> <span class='ocrx_word' id='word_1_243' title='bbox 491 4028 652 4087; x_wconf 79' lang='lat' dir='ltr'>dominica</span> <span class='ocrx_word' id='word_1_244' title='bbox 679 4026 896 4086; x_wconf 79' lang='lat' dir='ltr'>Reminiscere</span> <span class='ocrx_word' id='word_1_245' title='bbox 929 4024 1076 4083; x_wconf 88' lang='lat' dir='ltr'>miseram</span> <span class='ocrx_word' id='word_1_246' title='bbox 1109 4024 1308 4085; x_wconf 84' lang='lat' dir='ltr'>Anthonium</span> <span class='ocrx_word' id='word_1_247' title='bbox 1328 4045 1482 4107; x_wconf 82' lang='lat' dir='ltr'>magnum</span> 
     </span>
     <span class='ocr_line' id='line_1_36' title="bbox 222 4125 1144 4214; baseline -0.004 -21"><span class='ocrx_word' id='word_1_248' title='bbox 222 4132 261 4193; x_wconf 91' lang='lat' dir='ltr'>ad</span> <span class='ocrx_word' id='word_1_249' title='bbox 288 4133 461 4213; x_wconf 85' lang='lat' dir='ltr'>Ludbregh</span> <span class='ocrx_word' id='word_1_250' title='bbox 487 4147 518 4194; x_wconf 88' lang='lat' dir='ltr'>et</span> <span class='ocrx_word' id='word_1_251' title='bbox 542 4152 600 4214; x_wconf 93' lang='lat' dir='ltr'>pro</span> <span class='ocrx_word' id='word_1_252' title='bbox 626 4132 771 4212; x_wconf 85' lang='lat' dir='ltr'>expensis</span> <span class='ocrx_word' id='word_1_253' title='bbox 796 4130 868 4190; x_wconf 90' lang='lat' dir='ltr'>dedi</span> <span class='ocrx_word' id='word_1_254' title='bbox 894 4130 921 4189; x_wconf 91' lang='lat' dir='ltr'>ei</span> <span class='ocrx_word' id='word_1_255' title='bbox 1027 4129 1084 4188; x_wconf 92' lang='lat' dir='ltr'>sol.</span> <span class='ocrx_word' id='word_1_256' title='bbox 1109 4125 1144 4189; x_wconf 80' lang='lat'>1⁰.</span> 
     </span>
    </p>

    <p class='ocr_par' dir='ltr' id='par_1_25' title="bbox 223 4232 1482 4405">
     <span class='ocr_line' id='line_1_37' title="bbox 327 4232 1482 4318; baseline 0 -19"><span class='ocrx_word' id='word_1_257' title='bbox 327 4237 405 4300; x_wconf 90' lang='lat' dir='ltr'>ftem</span> <span class='ocrx_word' id='word_1_258' title='bbox 432 4239 507 4299; x_wconf 90' lang='lat' dir='ltr'>feria</span> <span class='ocrx_word' id='word_1_259' title='bbox 539 4253 649 4318; x_wconf 82' lang='lat' dir='ltr'>quarta</span> <span class='ocrx_word' id='word_1_260' title='bbox 683 4251 754 4317; x_wconf 91' lang='lat' dir='ltr'>post</span> <span class='ocrx_word' id='word_1_261' title='bbox 791 4235 1007 4296; x_wconf 81' lang='lat' dir='ltr'>Reminiscere</span> <span class='ocrx_word' id='word_1_262' title='bbox 1040 4232 1113 4292; x_wconf 91' lang='lat' dir='ltr'>dedi</span> <span class='ocrx_word' id='word_1_263' title='bbox 1149 4233 1303 4311; x_wconf 83' lang='lat' dir='ltr'>Zagrabie</span> <span class='ocrx_word' id='word_1_264' title='bbox 1329 4238 1482 4317; x_wconf 82' lang='lat' dir='ltr'>magistro</span> 
     </span>
     <span class='ocr_line' id='line_1_38' title="bbox 223 4335 1103 4405; baseline -0.006 -2"><span class='ocrx_word' id='word_1_265' title='bbox 223 4344 323 4403; x_wconf 86' lang='lat' dir='ltr'>Paulo</span> <span class='ocrx_word' id='word_1_266' title='bbox 347 4345 425 4405; x_wconf 90' lang='lat' dir='ltr'>alias</span> <span class='ocrx_word' id='word_1_267' title='bbox 449 4346 569 4405; x_wconf 84' lang='lat' dir='ltr'>cantori</span> <span class='ocrx_word' id='word_1_268' title='bbox 595 4343 771 4404; x_wconf 87' lang='lat' dir='ltr'>chasmensi</span> <span class='ocrx_word' id='word_1_269' title='bbox 791 4390 797 4403; x_wconf 92' lang='lat'>.</span> <span class='ocrx_word' id='word_1_270' title='bbox 815 4388 845 4402; x_wconf 85' lang='lat'>..</span> <span class='ocrx_word' id='word_1_271' title='bbox 868 4339 926 4400; x_wconf 90' lang='lat' dir='ltr'>sol.</span> <span class='ocrx_word' id='word_1_272' title='bbox 950 4335 1103 4398; x_wconf 87' lang='lat' dir='ltr'>XXXVf&#39;.</span> 
     </span>
    </p>

    <p class='ocr_par' dir='ltr' id='par_1_26' title="bbox 327 4440 1197 4530">
     <span class='ocr_line' id='line_1_39' title="bbox 327 4440 1197 4530; baseline -0.006 -20"><span class='ocrx_word' id='word_1_273' title='bbox 327 4449 403 4510; x_wconf 86' lang='lat' dir='ltr'>Item</span> <span class='ocrx_word' id='word_1_274' title='bbox 428 4451 547 4511; x_wconf 89' lang='lat' dir='ltr'>iveram</span> <span class='ocrx_word' id='word_1_275' title='bbox 573 4449 761 4530; x_wconf 83' lang='lat' dir='ltr'>Zagrabiam</span> <span class='ocrx_word' id='word_1_276' title='bbox 787 4460 817 4507; x_wconf 89' lang='lat' dir='ltr'>et</span> <span class='ocrx_word' id='word_1_277' title='bbox 841 4444 1039 4524; x_wconf 84' lang='lat' dir='ltr'>exposui</span> <span class='ocrx_word' id='word_1_278' title='bbox 1063 4442 1120 4505; x_wconf 87' lang='lat' dir='ltr'>sol.</span> <span class='ocrx_word' id='word_1_279' title='bbox 1146 4440 1197 4505; x_wconf 93' lang='lat' dir='ltr'>lX.</span> 
     </span>
    </p>

    <p class='ocr_par' dir='ltr' id='par_1_27' title="bbox 328 4550 826 4619">
     <span class='ocr_line' id='line_1_40' title="bbox 328 4550 826 4619; baseline -0.012 -2"><span class='ocrx_word' id='word_1_280' title='bbox 328 4555 471 4617; x_wconf 89' lang='lat' dir='ltr'>Osvaldo</span> <span class='ocrx_word' id='word_1_281' title='bbox 496 4558 641 4619; x_wconf 88' lang='lat' dir='ltr'>dedi...</span> <span class='ocrx_word' id='word_1_282' title='bbox 664 4553 722 4615; x_wconf 90' lang='lat' dir='ltr'>sol.</span> <span class='ocrx_word' id='word_1_283' title='bbox 745 4550 826 4613; x_wconf 86' lang='lat' dir='ltr'>XVl.</span> 
     </span>
    </p>

    <p class='ocr_par' dir='ltr' id='par_1_28' title="bbox 328 4650 1478 4731">
     <span class='ocr_line' id='line_1_41' title="bbox 328 4650 1478 4731; baseline 0.003 -11"><span class='ocrx_word' id='word_1_284' title='bbox 328 4659 403 4720; x_wconf 79' lang='lat' dir='ltr'>fram</span> <span class='ocrx_word' id='word_1_285' title='bbox 430 4662 460 4721; x_wconf 89' lang='lat' dir='ltr'>in</span> <span class='ocrx_word' id='word_1_286' title='bbox 480 4660 559 4725; x_wconf 86' lang='lat' dir='ltr'>festo</span> <span class='ocrx_word' id='word_1_287' title='bbox 578 4655 851 4722; x_wconf 84' lang='lat' dir='ltr'>Annunciacionis</span> <span class='ocrx_word' id='word_1_288' title='bbox 869 4651 966 4714; x_wconf 87' lang='lat' dir='ltr'>Marie</span> <span class='ocrx_word' id='word_1_289' title='bbox 984 4650 1046 4711; x_wconf 92' lang='lat' dir='ltr'>emi</span> <span class='ocrx_word' id='word_1_290' title='bbox 1065 4664 1201 4729; x_wconf 82' lang='lat' dir='ltr'>quatuor</span> <span class='ocrx_word' id='word_1_291' title='bbox 1215 4654 1317 4731; x_wconf 85' lang='lat' dir='ltr'>pisces</span> <span class='ocrx_word' id='word_1_292' title='bbox 1340 4659 1478 4724; x_wconf 86' lang='lat' dir='ltr'>siller...</span> 
     </span>
    </p>
   </div>
   <div class='ocr_carea' id='block_1_7' title="bbox 220 4764 456 4830">
    <p class='ocr_par' dir='ltr' id='par_1_29' title="bbox 220 4764 456 4830">
     <span class='ocr_line' id='line_1_42' title="bbox 220 4764 456 4830; baseline 0.013 -3"><span class='ocrx_word' id='word_1_293' title='bbox 220 4766 280 4829; x_wconf 91' lang='lat' dir='ltr'>sol.</span> <span class='ocrx_word' id='word_1_294' title='bbox 304 4764 456 4830; x_wconf 71' lang='lat' dir='ltr'><strong>l⁰LXXX.</strong></span> 
     </span>
    </p>
   </div>
   <div class='ocr_carea' id='block_1_8' title="bbox 0 0 1718 5256">
    <p class='ocr_par' dir='ltr' id='par_1_30' title="bbox 0 0 1718 5256">
     <span class='ocr_line' id='line_1_43' title="bbox 0 0 1718 5256; baseline 0 4"><span class='ocrx_word' id='word_1_295' title='bbox 0 0 1718 5256; x_wconf 95' lang='lat' dir='ltr'> </span> 
     </span>
    </p>
   </div>
  </div>
 </body>
</html>
