3428 5256
807 1170 903 1252 Vlll.

221 1381 429 1459 Convencio
447 1405 525 1457 cum
540 1381 788 1482 prebendariis
805 1406 914 1483 super
929 1385 1047 1459 missis
1064 1383 1156 1460 inira
1170 1383 1350 1460 notandis.
1375 1383 1500 1465 1503.

224 1611 323 1674 Cum
361 1611 663 1694 prebendariis
703 1611 815 1674 facta
858 1627 918 1674 est
954 1613 1192 1674 convencio
1237 1632 1309 1695 pro
1354 1613 1491 1677 miaaa

224 1719 551 1799 Assumpcionis
582 1719 710 1781 Marie
743 1719 927 1799 virginis
957 1719 1161 1800 gloriose,
1192 1738 1318 1802 super
1349 1718 1492 1784 altari

222 1844 298 1906 per
323 1823 736 1885 reverendissimum
772 1824 987 1886 dominum
1013 1825 1176 1903 Lucam,
1208 1825 1426 1887 dominum
1454 1842 1498 1890 et

222 1929 435 2011 prelatum
470 1944 657 1991 nostrum
691 1931 1082 2009 preciosissimum,
1115 1932 1154 1992 in
1186 1932 1440 1993 sanctuario
1476 1954 1496 1996 a

224 2035 349 2117 plaga
374 2035 655 2097 meridionali
681 2035 728 2097 de
761 2056 868 2098 novo
900 2033 1094 2114 fundato,
1117 2036 1309 2117 singulis
1334 2036 1495 2101 diebus

223 2142 517 2202 continuanda
549 2144 623 2202 sub
657 2162 803 2222 magna
836 2144 969 2219 missa,
1003 2162 1133 2224 usque
1166 2141 1216 2203 ad
1241 2142 1493 2205 revolucio·

223 2267 310 2308 nem
344 2249 459 2324 anni,
493 2267 566 2328 pro
599 2246 695 2309 [lor.
730 2249 887 2327 viginti
924 2249 1113 2329 quinque
1146 2249 1185 2309 in
1219 2248 1385 2310 duobus
1409 2263 1492 2312 ter·

138 2370 141 2375 ·
223 2351 351 2414 minis
376 2353 532 2413 eisdem
561 2352 1126 2435 solvendis‚proquamissa
1155 2374 1226 2436 per
1249 2352 1491 2419 antefatum

225 2459 633 2518 reverendissimum
668 2459 882 2519 dominum
918 2461 1067 2520 Lucam
1104 2475 1244 2542 empta
1278 2475 1342 2521 est
1373 2460 1491 2523 Bude

223 2586 301 2626 una
327 2566 473 2625 domus
497 2565 654 2625 acialis
680 2566 717 2623 in
750 2586 845 2626 area
870 2586 893 2628 s.
918 2566 1086 2626 Nicolai
1112 2564 1378 2627 confessoris
1413 2586 1491 2649 pro

225 2670 321 2732 llor.
356 2671 473 2730 mille
508 2670 1191 2752 quadringentis,·quamquidem
1224 2673 1395 2735 missam
1429 2694 1490 2737 ce·

226 2793 379 2858 perunt
412 2778 667 2838 continuare
700 2776 827 2837 iidem
861 2778 1137 2858 prebendarii
1168 2780 1207 2839 in
1233 2777 1344 2840 festo
1370 2781 1489 2843 beati

328 2884 495 2942 Alberti
522 2883 711 2942 martiris
736 2884 846 2943 circa
873 2883 999 2944 linem
1026 2885 1379 2967 mensisaprilis.

331 3113 481 3171 Secundo
506 3112 557 3171 die
584 3112 765 3171 Nativitatis
797 3112 929 3190 virginis
959 3112 1110 3191 gloriose,
1143 3113 1321 3175 secundum
1345 3134 1488 3179 conven-

226 3221 351 3279 cionem
378 3218 524 3298 superius
549 3233 773 3298 expressatam‚
799 3237 856 3297 pro
881 3216 1000 3297 prefate
1024 3217 1117 3278 misse
1142 3221 1402 3301 supportacione‚
1421 3223 1489 3286 dati

225 3341 296 3384 sunt
323 3325 541 3403 prebendariis
566 3324 634 3385 llor.
661 3323 832 3383 duodecim
859 3337 889 3381 ct
914 3323 1047 3384 medius.

331 3430 406 3490 ltem
441 3450 497 3510 pro
532 3429 674 3489 ciusdem
709 3429 803 3489 misse
840 3429 1087 3509 supportatione
1120 3428 1239 3490 eisdem
1265 3432 1489 3512 prebendariis

226 3537 290 3596 dati
317 3550 389 3594 sunt
415 3535 482 3595 lior.
507 3535 679 3595 duodecim
706 3550 735 3593 et
769 3535 905 3610 medius,
931 3535 1029 3593 tercio
1063 3533 1114 3594 die
1147 3532 1216 3595 festi
1243 3536 1327 3597 beati
1352 3534 1489 3621 Georgii

226 3641 373 3700 martiris.
401 3645 496 3699 Anno
522 3640 665 3701 Domini.
699 3660 787 3718 ¹504·

332 3747 454 3806 Eodem
481 3766 566 3806 anno
592 3747 622 3806 in
649 3743 729 3806 festo
757 3745 871 3805 Mathei
910 3745 1045 3824 apostoli
1082 3745 1145 3804 dati
1170 3761 1244 3808 sunt
1268 3747 1389 3810 eisdem
1414 3749 1488 3817 flor.

224 3852 394 3912 duodecim
421 3866 451 3911 et
477 3852 611 3914 medius.

331 3958 406 4019 Item
434 3979 518 4018 anno
546 3959 676 4019 Domini
703 3959 877 4018 millesimo
909 3956 1169 4038 quingentesimo
1192 3959 1318 4038 quintO,
1342 3961 1489 4025 secundo

226 4065 277 4123 die
305 4066 401 4124 Marci
429 4065 635 4143 ewangeliste
661 4064 723 4123 dati
750 4078 823 4123 sunt
848 4063 967 4123 eisdem
1000 4061 1067 4121 lior.
1095 4059 1268 4123 duodecim
1293 4079 1323 4126 et
1349 4066 1487 4131 medius.

333 4171 455 4230 Eodem
490 4190 575 4230 anno
610 4171 640 4230 in
675 4169 755 4229 festo
789 4167 933 4228 Mauricii
967 4166 1030 4225 dati
1067 4176 1140 4224 sunt
1164 4165 1286 4228 eisdem
1311 4169 1380 4233 flor.
1406 4171 1488 4235 duo·

226 4274 330 4335 decim
356 4289 384 4335 et
410 4276 545 4336 medius.

331 4380 407 4442 lrem
432 4402 517 4441 anno
551 4382 680 4442 Domini
715 4380 888 4440 millesimo
920 4374 1179 4456 quingentesimo
1211 4390 1313 4453 sexto,
1346 4380 1378 4440 in
1404 4380 1488 4446 fecto

227 4487 308 4547 Petri
335 4487 472 4546 martiris
496 4488 559 4547 dati
585 4504 657 4547 sum
682 4484 899 4566 prebendariis
924 4480 989 4541 flor.
1015 4478 1185 4539 duodecim
1210 4490 1242 4539 et
1266 4481 1404 4547 medius.

333 4593 454 4652 Eodem
487 4613 572 4654 anno
599 4593 629 4653 in
663 4592 743 4653 festo
775 4587 909 4652 Gerardi
942 4583 1098 4655 martiris,
1133 4580 1228 4642 soluti
1260 4596 1335 4645 aunt
1360 4589 1486 4658 eisdem

225 4698 295 4767 flor.
319 4699 491 4760 duodecim
517 4713 547 4760 et
572 4700 706 4761 medius.
