3428 5256
319 1559 518 1616 Inventarium
550 1555 728 1615 cathedralis
749 1554 859 1612 ecclesie
890 1550 1098 1627 sagrabiensis,
1119 1552 1232 1622 factum
1255 1558 1447 1626 ann01474.

254 1768 291 1844 ln
319 1768 462 1843 nomine
492 1765 636 1851 domini,
658 1787 772 1855 amen,
799 1763 946 1862 eiusque
967 1762 1092 1837 matris
1111 1762 1260 1860 virginis
1288 1761 1451 1860 gloriose
1471 1783 1514 1835 ac

251 1892 349 1968 beati
380 1889 554 1990 Stephani
593 1889 692 1988 regis
730 1887 996 1987 infrascriptum
1033 1887 1266 1961 inventarium
1295 1884 1515 1961 estfactum

253 2040 318 2116 per
346 2013 680 2090 reverendissimum
700 2013 734 2087 in
765 2009 910 2087 Christo
939 2019 1078 2111 patrem
1109 2011 1287 2085 dominum
1319 2007 1516 2085 Osualdum

253 2139 463 2238 episcopum
482 2137 758 2236 aagrabiensem
778 2158 821 2210 ac
842 2144 966 2210 certos
986 2135 1150 2210 dominos
1171 2135 1215 2209 de
1232 2132 1401 2232 Capitulo
1423 2133 1515 2206 eius·

253 2262 334 2338 dem
362 2261 555 2361 peripsum
584 2258 630 2335 ad
656 2259 725 2335 boc
745 2260 953 2359 deputatos,
973 2259 1159 2334 videlicet:
1190 2256 1390 2357 Georgium
1419 2256 1512 2356 epis-

255 2409 383 2486 copum
412 2406 649 2460 rosonensem
678 2407 721 2460 ac
741 2382 1008 2482 suffraganeum
1029 2383 1184 2459 ecclesie
1213 2363 1432 2481 supradicte,
1454 2380 1517 2455 do-

255 2510 385 2585 minum
413 2508 560 2584 Paulum
589 2507 875 2583 archidiaconum
904 2508 949 2583 de
977 2507 1142 2594 Kemlek‚
1173 2506 1298 2608 Elyam
1328 2506 1516 2581 custodem

256 2633 521 2725 cbasmensem;
552 2631 751 2730 magistros
777 2631 922 2707 Petrum
953 2632 998 2708 de
1017 2630 1195 2708 Wiszoka
1223 2641 1260 2707 et
1289 2630 1518 2707 Franciscum

257 2756 301 2831 de
330 2754 546 2854 Kaprancaa
574 2755 771 2829 canonicos
805 2755 960 2831 ecclesie
1000 2756 1219 2855 supradicte,
1258 2755 1303 2831 de
1332 2778 1426 2830 anno
1455 2755 1518 2829 do·

258 2879 338 2954 mini
355 2878 543 2954 millesimo
563 2878 919 2977 quadringentesimo
940 2880 1215 2978 septuagesimo
1235 2886 1376 2979 quarto,
1396 2900 1520 2953 mense

257 3005 448 3093 decembri,
479 3003 634 3078 sabbato
664 3003 721 3078 die
761 3011 847 3078 ante
883 3002 1016 3078 festum
1051 3005 1160 3079 beate
1189 3003 1311 3091 Lucie‚
1341 3004 1386 3078 de
1415 3002 1521 3077 rebus

259 3137 298 3204 et
326 3129 430 3203 bonis
459 3128 661 3213 mobilibus,
700 3127 887 3202 videlicet:
927 3128 1083 3227 reliquiis
1112 3129 1145 3203 in
1183 3151 1270 3204 auro
1299 3134 1337 3203 et
1365 3133 1521 3226 argento

258 3252 401 3352 positis,
431 3259 470 3326 et
497 3252 576 3325 aliis
607 3251 705 3326 vasis
733 3251 919 3349 argenteis
949 3260 987 3326 et
1015 3275 1085 3327 non
1125 3253 1323 3352 argenteis,
1353 3250 1450 3326 libris
1479 3272 1522 3325 ac

258 3376 478 3476 paramentis
507 3376 660 3450 inventis
689 3375 724 3448 in
752 3375 921 3450 sacristia
949 3383 989 3450 et
1022 3375 1250 3452 thesauraria
1278 3375 1433 3451 ecclesie
1462 3395 1520 3449 aa·

788 3498 1003 3597 grabiensis.

368 3709 477 3769 Primo
502 3727 585 3769 unus
609 3707 692 3768 calix
716 3727 789 3769 cum
815 3723 929 3790 patena
946 3729 1014 3787 sua,
1039 3709 1077 3770 de
1106 3729 1184 3771 auro
1209 3730 1301 3791 puro,
1327 3710 1449 3772 babens
1466 3730 1524 3773 no·

262 3816 340 3877 dum
366 3815 397 3875 in
424 3814 532 3875 medio
558 3834 629 3874 cum
654 3834 707 3875 sex
732 3814 863 3876 nodulis
878 3835 934 3876 seu
955 3816 1061 3898 globis
1086 3816 1116 3877 in
1142 3835 1280 3898 quorum
1300 3817 1427 3878 duobus
1450 3833 1524 3879 sunt

263 3921 328 3982 duo
353 3920 472 4002 saphiri
498 3933 528 3981 et
553 3920 584 3980 in
603 3919 730 3981 duobus
753 3920 825 3982 aliis
841 3921 907 3983 duo
923 3921 1073 3983 smeraldi
1099 3936 1130 3984 et
1154 3923 1185 3983 in
1212 3923 1282 3984 aliis
1305 3923 1433 3985 duobus
1457 3924 1524 3985 duo

262 4028 396 4109 granati,
421 4040 451 4088 et
476 4027 507 4088 in
533 4027 613 4109 pede
639 4027 746 4088 calicis
777 4027 926 4090 similiter
956 4029 1022 4091 duo
1053 4027 1185 4111 saphiri,
1219 4028 1284 4090 duo
1308 4030 1459 4092 smeraldi
1494 4045 1525 4092 et

265 4134 331 4195 duo
356 4134 491 4212 granati,
527 4133 679 4215 ponderis
714 4133 809 4195 trium
845 4154 1024 4196 marcarum
1050 4147 1081 4196 et
1106 4148 1246 4216 quatuor
1271 4134 1414 4218 nehezyk
1451 4156 1523 4198 cum

265 4240 402 4301 dimidio
428 4240 601 4320 vulgariter
626 4240 728 4318 dictis,
754 4256 896 4322 repertus
921 4255 977 4320 est,
998 4255 1029 4303 et
1046 4238 1198 4303 deficiunt
1223 4241 1288 4303 duo
1314 4261 1386 4303 cum
1416 4244 1524 4306 medio

265 4345 409 4427 nebezyk
428 4360 523 4426 prout
548 4347 579 4406 in
604 4347 738 4427 registro
763 4348 897 4428 antiquo
922 4361 969 4409 est
992 4347 1163 4428 signatum.

371 4451 448 4512 Item
473 4451 556 4513 alius
580 4453 661 4513 calix
685 4472 758 4514 cum
784 4467 899 4535 patena
923 4472 979 4516 sua
1004 4454 1044 4515 de
1076 4466 1220 4536 argento,
1245 4454 1426 4534 deauratus,
1451 4474 1525 4518 cum

266 4557 364 4641 perlis
388 4569 419 4619 et
443 4557 607 4639 lapidibus
631 4558 784 4641 preciosis
814 4558 951 4642 pulchro
975 4577 1072 4642 opere
1104 4559 1273 4622 decoratus
1296 4573 1361 4620 tam
1387 4561 1418 4622 in
1444 4563 1526 4644 pede

267 4681 364 4746 quam
389 4663 421 4724 in
446 4678 535 4745 parte
568 4665 737 4747 superiori,
768 4678 800 4728 et
830 4678 906 4729 suut
937 4664 1061 4748 lapides
1092 4666 1125 4728 in
1157 4683 1292 4730 numero
1315 4666 1526 4751 quadraginta

267 4769 345 4851 duo,
368 4784 399 4832 er
424 4769 457 4832 in
482 4784 571 4853 purte
595 4771 754 4855 superiori
778 4770 896 4835 deiecit
924 4789 988 4834 unu
1018 4771 1140 4855 tabula,
1162 4792 1227 4856 que
1250 4785 1358 4834 tamen
1382 4772 1528 4855 babetur,
