3428 5256
232 301 291 380 156
758 303 940 363 Inventaria.

227 512 375 593 »qualem
400 513 629 592 sentenciam«,
666 527 697 575 et
722 527 768 574 est
792 513 823 574 in
860 513 1060 593 marginibus
1097 513 1214 574 incisus
1239 528 1270 576 et
1294 514 1489 577 mirabiliter

225 619 416 683 destructus.

328 727 417 806 Item,
441 748 542 790 unum
569 728 754 790 Lectionale
772 746 905 805 novum,
922 726 1010 808 quod
1027 727 1139 809 incipit
1157 727 1197 790 de
1215 728 1340 790 rubrica
1370 728 1489 791 »Liber

223 833 281 895 iste
305 848 438 896 vocatur
462 834 633 896 lectionale
658 833 873 910 breviatum«,
899 846 929 894 et
955 832 986 893 in
1012 831 1075 893 fine
1092 832 1195 915 prime
1213 834 1330 915 pagine
1354 835 1489 896 secundi

224 937 292 1000 folii
317 937 387 1001 finit
414 940 710 1018 »maturaverim«,
749 953 780 1001 et
805 939 835 1000 in
862 936 924 1000 fine
949 938 1023 999 libri
1048 937 1170 1000 habens
1194 939 1376 1001 doctrinam
1403 940 1488 1002 beati

223 1044 378 1107 Johannis
403 1044 595 1109 Grisostomi
630 1065 726 1128 super
762 1045 958 1128 quibusdam
995 1045 1260 1126 perplexitatibus
1296 1046 1335 1108 de
1361 1047 1489 1108 rubrica

223 1152 384 1233 scriptam.

330 1257 419 1336 ltem,
430 1257 518 1319 aliud
537 1257 724 1320 Lectionale
741 1258 816 1320 satis
833 1258 1014 1341 pulchrum,
1033 1258 1121 1338 quod
1139 1258 1251 1340 incipit
1268 1278 1340 1320 cum
1358 1260 1487 1321 rubrica

224 1362 263 1424 de
287 1377 396 1425 sancto
422 1363 577 1425 Silvestro
602 1384 695 1447 papa,
720 1379 751 1426 et
775 1365 807 1425 in
825 1363 888 1425 fine
911 1365 1012 1446 prime
1030 1365 1146 1447 pagine
1170 1364 1302 1426 secundi
1327 1364 1397 1440 lolii
1416 1364 1487 1428 finit

227 1488 309 1530 »non
328 1469 564 1548 mediocriter«,
582 1471 614 1531 in
639 1469 702 1532 fine
728 1471 801 1532 libri
826 1469 895 1532 finit
916 1471 1034 1532 »libera
1052 1490 1136 1532 me«.
1162 1471 1373 1533 Procuratum
1397 1472 1487 1533 simi·

222 1575 295 1637 liter
318 1595 374 1657 per
398 1577 481 1637 bone
507 1577 663 1638 memorie
688 1577 857 1639 dominum
883 1577 1075 1654 iohannem,
1105 1577 1368 1640 archidiaconum
1393 1579 1487 1640 dubi·

223 1701 362 1760 censam,
387 1697 484 1765 prout
508 1683 539 1744 in
566 1684 691 1745 rubrica
717 1684 748 1744 in
773 1682 834 1745 fine
861 1684 933 1744 libri
959 1684 1061 1759 posita
1088 1683 1289 1747 describitur.

332 1789 420 1867 ltem,
445 1809 546 1851 unum
571 1790 659 1851 aliud
684 1791 881 1869 Lectionalc,
906 1790 994 1872 quod
1019 1789 1167 1851 similiter
1199 1790 1310 1872 incipit
1335 1809 1408 1852 cum
1434 1811 1487 1852 ru·

224 1895 310 1956 brica
333 1894 373 1955 de
397 1910 507 1958 sancto
534 1896 689 1958 Silvestro
707 1917 800 1979 papa,
826 1911 857 1958 et
879 1898 911 1957 in
928 1895 991 1958 fiue
1005 1897 1107 1979 prime
1124 1896 1240 1979 pagine
1265 1897 1397 1958 secundi
1415 1894 1486 1959 lolii

223 2001 293 2063 finit
320 2003 533 2065 »commendo
559 2003 725 2065 ecclesiam
744 2004 829 2081 dei«,
854 2019 884 2065 et
909 2005 940 2066 in
958 2003 1021 2066 fine
1038 2004 1111 2066 libri
1129 2002 1199 2066 finit
1230 2018 1280 2065 »et
1297 2005 1377 2066 calix
1395 2024 1487 2066 meus

223 2108 385 2170 inebrians
410 2129 507 2191 quam
532 2112 695 2193 preclarus
719 2124 776 2190 est,
800 2110 964 2173 alleluia«.

628 2303 873 2385 Sequuntur
897 2304 1101 2369 Missalia.

330 2446 419 2523 ltem,
444 2465 545 2506 unum
570 2445 701 2507 Missale
719 2445 888 2527 pulchrum
906 2445 1083 2507 secundum
1099 2465 1226 2507 cursum
1251 2447 1485 2524 Romanorum,

224 2551 344 2613 habens
369 2552 591 2613 kalendarium
615 2564 688 2612 ante
713 2566 743 2612 et
768 2552 923 2633 quasdam
957 2552 1135 2630 oraciones,
1160 2551 1248 2633 quod
1274 2552 1387 2634 incipit
1411 2571 1484 2614 cum

224 2658 350 2719 rubrica
380 2658 569 2718 »Dominica
587 2658 689 2739 prima
713 2657 751 2718 de
769 2658 942 2736 adventu«,
958 2659 988 2718 in
1010 2656 1072 2719 fine
1091 2659 1193 2739 prime
1218 2658 1334 2740 pagine
1351 2658 1483 2719 secundi

224 2763 293 2826 folii
319 2763 388 2825 finit
416 2764 552 2825 »servire
578 2783 698 2842 mere«,
723 2779 754 2825 et
779 2765 810 2824 in
839 2761 904 2825 fine
928 2764 999 2825 libri
1026 2764 1066 2825 de
1098 2764 1211 2826 eadem
1236 2765 1326 2826 litera
1351 2763 1420 2827 finit
1452 2765 1484 2825 in

223 2871 373 2932 oracione
401 2870 545 2931 »Exaudi
578 2890 637 2932 nos
661 2870 811 2931 domine«
846 2890 941 2952 super
972 2870 1156 2952 aspersione
1188 2889 1271 2952 aque
1296 2869 1484 2947 benedicte3

222 2992 411 3059 coopertum
435 2976 475 3037 de
499 2977 600 3038 serico
625 2979 726 3038 rubeo
744 2996 816 3038 cum
833 2977 935 3037 tribus
953 2977 1108 3037 clausuris
1137 2976 1176 3037 de
1201 2990 1345 3057 argento,
1363 2975 1486 3038 habens

223 3082 333 3144 decem
359 3083 493 3144 monilia
519 3083 558 3144 ad
583 3081 701 3164 figuras
725 3102 849 3163 regum,
878 3082 1017 3163 sculptas
1042 3082 1081 3142 de
1105 3096 1238 3162 argento
1263 3102 1355 3164 pur0.

329 3187 419 3268 ltem,
444 3210 544 3251 unum
569 3190 657 3250 aliud
685 3190 811 3251 Missale
836 3189 957 3250 babens
974 3188 1197 3251 kalendarium
1223 3204 1307 3267 ante,
1332 3189 1420 3270 quod
1438 3189 1485 3250 in-

222 3297 298 3378 cipit
322 3316 394 3357 cum
412 3297 537 3357 rubrica
566 3296 755 3357 »Dominica
780 3296 881 3378 prima
905 3297 935 3357 in
961 3296 1101 3357 adventu
1126 3295 1284 3374 domini«,
1309 3311 1340 3357 et
1365 3296 1396 3356 in
1422 3294 1484 3358 fine

223 3404 324 3484 prime
349 3404 465 3485 pagine
489 3403 622 3464 secundi
641 3401 709 3463 lolii
728 3400 796 3464 finit
816 3416 1060 3483 »congregate«,
1078 3401 1199 3464 habens
1217 3404 1249 3464 in
1273 3401 1336 3464 fine
1353 3403 1484 3465 missam

223 3510 262 3572 de
287 3530 420 3591 corpore
446 3509 575 3571 Christi.
611 3510 808 3588 (ascriptum.¹
831 3510 863 3570 in
893 3529 957 3590 quo
982 3525 1140 3570 canuntur
1165 3509 1300 3591 epistole
1325 3523 1355 3571 et
1379 3529 1484 3571 ewan-

221 3616 305 3698 gelia
331 3631 476 3678 notatum
503 3615 543 3676 ad
568 3617 760 3691 accentum.)

328 3722 416 3800 Item,
442 3741 542 3783 unum
568 3722 655 3783 aliud
682 3722 809 3782 Missale
839 3741 935 3803 parve
961 3722 1158 3802 quantitatis,
1184 3721 1305 3783 habens
1330 3722 1482 3783 kalenda-

223 3830 306 3890 rium
331 3845 362 3891 et
387 3829 615 3891 indumentum
640 3843 724 3905 ante,
749 3842 780 3890 et
805 3829 916 3910 incipit
940 3848 1012 3890 curn
1031 3830 1157 3901 rubrica
1184 3830 1316 3911 »Incipit
1341 3829 1480 3892 missale.

224 3936 392 3997 [lominica
418 3936 552 4017 prima«,
587 3950 617 3995 et
643 3939 673 3994 in
707 3932 769 3994 fine
794 3935 897 4016 prime
927 3936 1042 4017 pagine
1068 3936 1199 3997 secundi
1233 3935 1301 3997 lolii
1327 3935 1397 3997 finit
1425 3935 1484 3997 »ad

223 4042 469 4125 preparandas«,
495 4055 524 4101 et
549 4042 580 4101 in
607 4040 667 4101 fine
693 4041 765 4101 libri
783 4040 852 4102 finit
879 4058 1025 4104 »maneat
1046 4063 1172 4125 semper
1196 4059 1312 4106 tecum.
1339 4047 1485 4118 Amen‹;

223 4148 311 4230 quod
344 4147 402 4209 luit
435 4147 560 4208 domini
596 4148 751 4207 Johannis
783 4147 821 4207 de
854 4148 993 4210 Warosd
1027 4162 1122 4230 prout
1151 4150 1182 4209 in
1215 4150 1341 4211 rubrica
1365 4149 1397 4210 in
1422 4148 1485 4211 fine

223 4255 367 4317 eiusdem
393 4268 534 4336 apparet.

330 4364 418 4440 Item,
444 4382 543 4423 unum
568 4362 655 4423 aliud
683 4362 808 4423 Missale
834 4362 955 4424 habens
987 4360 1220 4437 kalendarium,
1245 4361 1486 4440 indumentum,

223 4471 435 4532 exorcismum
454 4485 484 4530 et
513 4469 599 4550 kyrie
624 4469 757 4546 eleison,
783 4488 855 4530 cum
874 4468 986 4530 Gloria
1011 4469 1043 4529 in
1063 4466 1195 4528 excelsis
1223 4487 1295 4528 cum
1321 4483 1427 4531 cantu.
1447 4469 1487 4531 Et

223 4577 334 4659 incipit
357 4596 429 4637 cum
454 4576 578 4636 rubrica
617 4575 670 4635 ›ln
696 4575 858 4636 dominica
894 4576 995 4657 prima
1027 4574 1184 4636 adventus
1215 4573 1372 4654 dominic,
1397 4590 1428 4639 et
1451 4575 1485 4639 in

223 4681 285 4744 fine
310 4681 404 4765 primi
431 4681 583 4762 marginis
607 4681 747 4742 secunde
773 4681 888 4763 pagine
921 4679 991 4741 finit
1025 4692 1137 4741 »erunt
1160 4678 1285 4759 signa«,
1309 4695 1342 4742 et
1366 4682 1398 4742 iu
1422 4681 1486 4745 fine

222 4804 296 4852 aunt
320 4807 393 4851 cum
419 4788 544 4849 rubrica
580 4787 738 4869 »Explicit
761 4787 843 4850 liber
867 4785 1003 4848 missalis
1026 4805 1065 4847 ex
1088 4783 1334 4866 appreciacione
1359 4786 1486 4851 domini

223 4894 380 4959 lobannis
408 4893 658 4959 archidiaconi«.
