3428 5256
758 311 844 370 Anno
867 322 958 390 1472.

226 530 309 594 cato,
327 516 415 597 quod
433 517 554 599 prefata
573 519 690 581 domus
707 536 829 582 murata
849 541 986 583 unacum
1007 521 1107 584 fundo
1132 539 1163 586 et
1180 524 1346 604 hedificiis,
1365 547 1489 589 necnon

227 623 296 684 aliis
319 636 442 684 cunctis
465 624 530 684 suis
555 626 759 705 utilitatibus,
782 626 916 707 juribus,
940 629 1061 708 usibus,
1079 630 1316 712 integritatibus
1340 648 1371 695 et
1395 636 1488 716 perti·

227 729 348 790 nenciis
372 729 530 791 universis
553 732 699 813 superius
715 732 915 814 specificatis,
940 754 997 796 nec
1015 755 1071 816 per
1095 736 1253 819 prelatum
1279 737 1407 800 fratrem
1427 741 1486 801 Mi·

226 835 370 897 chaelem
395 837 589 899 modernum
623 839 763 921 priorem
796 841 927 919 scilicet,
958 861 1016 903 nec
1048 863 1105 924 per
1137 863 1211 904 suos
1239 864 1437 907 successores
1461 861 1491 908 et

226 941 306 1004 alios
330 942 442 1004 fratres
458 944 603 1006 eiusdem
627 946 750 1007 ordinis
769 948 1010 1010 Predicatorum
1029 951 1198 1031 quospiam
1220 970 1236 1011 a
1262 950 1488 1029 jurisdictione

232 1062 262 1109 et
294 1049 440 1112 libertate
474 1052 610 1112 civitatis
642 1067 806 1134 prenotate
839 1055 1038 1135 privilegiata
1072 1056 1138 1117 ullo
1169 1076 1311 1138 unquam
1346 1073 1489 1140 ternpore

224 1154 319 1216 avelli
344 1169 375 1216 et
398 1156 493 1216 eximi
527 1158 626 1239 possit
657 1158 756 1219 modo
788 1159 932 1240 aliquali,
964 1162 1003 1221 ad
1038 1161 1125 1242 quod
1162 1181 1195 1222 se
1228 1160 1368 1245 prelatus
1393 1163 1490 1226 frater

225 1261 363 1324 Michael
388 1263 475 1344 prior
500 1262 644 1325 eiusdem
663 1264 791 1327 claustri
815 1286 871 1327 seu
891 1267 1075 1327 monasterii
1102 1267 1234 1329 ecclesie
1261 1270 1343 1330 beati
1362 1270 1489 1332 Nicolai

224 1368 418 1430 confessoris
442 1369 473 1430 in
499 1390 555 1430 sua
580 1389 616 1430 ac
639 1372 743 1432 tocius
768 1386 945 1434 conventus
970 1388 1000 1434 et
1036 1372 1170 1434 fratrum
1195 1374 1317 1435 ordinis
1344 1376 1489 1438 Predica·

223 1488 328 1536 torum
353 1477 556 1557 presencium
580 1491 611 1540 et
636 1476 816 1539 futurorum
843 1480 874 1540 in
899 1480 1014 1540 eodem
1040 1498 1098 1560 pro
1122 1493 1267 1560 ternpore
1292 1481 1484 1561 degencium

224 1582 369 1664 personis
393 1583 503 1663 vigore
528 1584 663 1646 aliarum
697 1605 824 1647 suarum
858 1600 889 1647 et
920 1586 995 1647 dicti
1029 1586 1077 1647 sui
1111 1600 1288 1648 conventus
1321 1586 1489 1650 literarum

225 1688 397 1770 superinde
423 1687 641 1752 confectarum
676 1706 790 1773 sponte
815 1692 972 1773 obligavit
1003 1711 1109 1753 coram
1135 1693 1239 1753 nobis.
1266 1692 1297 1753 ln
1324 1694 1413 1755 cuius
1437 1696 1482 1757 rei

225 1795 414 1856 memoriam
433 1809 527 1876 atque
546 1797 777 1876 testimonium,
802 1796 1050 1880 firmitatemque
1069 1812 1257 1880 perpetuam
1283 1800 1484 1880 presentibus

224 1901 367 1981 sigillum
400 1915 545 1964 nostrum
580 1922 752 1965 commune
784 1904 933 1965 duximus
969 1904 1231 1986 appendendum.
1264 1904 1382 1966 Datum
1408 1905 1487 1967 feria

222 2008 362 2069 secunda
387 2009 532 2090 proxima
567 2009 597 2069 in
624 2008 704 2070 festo
736 2010 887 2072 videlicet
916 2012 1008 2072 beate
1041 2011 1141 2072 Marie
1167 2011 1370 2091 Magdalene,
1404 2031 1489 2072 anno

224 2113 357 2176 Domini
383 2115 556 2177 millesimo
581 2116 901 2196 quadringentesimo
926 2118 1163 2199 septuagesimo
1188 2118 1304 2198 primo.

333 2221 498 2283 Universis
523 2235 554 2282 et
577 2222 713 2302 singulis
738 2242 866 2304 presens
894 2223 1045 2304 scriptum
1081 2223 1268 2304 inspecturis
1293 2237 1398 2305 pateat
1423 2223 1487 2283 evi·

224 2327 336 2388 denter
361 2340 391 2389 et
416 2328 456 2388 sit
480 2342 613 2388 notum:
638 2328 777 2408 qualiter
801 2348 862 2408 ego
888 2326 983 2390 frater
1015 2327 1163 2405 Michael,
1188 2348 1275 2389 sacre
1301 2328 1484 2409 Theologie

223 2432 335 2510 lector,
359 2433 447 2515 prior
471 2433 598 2494 claustri
623 2434 723 2494 sancti
750 2434 873 2494 Nicolai
911 2434 1034 2495 ordinis
1064 2434 1304 2496 Predicatorum
1329 2434 1483 2514 Zagrabie

223 2536 358 2618 fundati,
383 2539 422 2600 de
447 2540 669 2601 universorum
691 2540 822 2601 fratrum
845 2540 989 2601 eiusdem
1006 2541 1135 2601 claustri
1160 2539 1385 2618 deveniencia,
1410 2559 1486 2601 con·

221 2646 296 2707 silio
320 2646 438 2728 pariter
471 2661 501 2707 et
533 2666 674 2724 assensu,
707 2660 838 2728 propter
870 2646 1043 2707 nonnullas
1079 2665 1189 2706 causas
1220 2644 1433 2706 racionabiles
1457 2660 1488 2706 et

222 2753 415 2813 necessarias
439 2751 602 2833 quandam
629 2753 762 2813 domum
781 2767 951 2829 muratam,
972 2771 1097 2813 necnon
1117 2750 1252 2812 lundum
1278 2770 1313 2812 ac
1338 2749 1487 2812 hedificia

222 2858 254 2918 in
279 2857 409 2919 civitate
434 2859 719 2939 Montisgrecensis
743 2877 843 2939 prope
869 2858 1071 2938 Zagrabiam,
1101 2857 1182 2918 inter
1207 2855 1325 2917 fundos
1348 2857 1387 2916 ab
1412 2876 1487 2947 una,

222 2961 373 3024 videlicet
405 2963 554 3024 orientali
588 2978 675 3044 parte
708 2963 841 3025 ecclesie
874 2983 930 3023 seu
962 2962 1084 3044 capelle
1124 2976 1232 3023 nostre
1263 2963 1321 3022 sub
1354 2962 1486 3023 nomine

221 3068 314 3130 beate
339 3068 513 3130 Katherine
540 3071 671 3150 virginis
695 3083 726 3130 et
750 3071 888 3130 martiris
915 3069 1045 3146 Christi,
1079 3081 1272 3144 constructe,
1296 3082 1385 3148 parte
1410 3087 1487 3129 vero

222 3174 417 3236 occidentali
444 3176 526 3237 inter
550 3175 685 3237 fundum
714 3176 772 3236 viri
790 3175 927 3236 condam
946 3175 1072 3257 providi
1092 3173 1258 3235 Michaelis
1282 3172 1485 3234 Thewtonici

227 3280 481 3344 Mothonhauser
504 3283 579 3344 dicti
613 3283 755 3344 habitam
787 3296 818 3343 et
850 3283 1048 3359 existentem,
1080 3282 1159 3342 duas
1190 3282 1293 3342 curias
1317 3282 1488 3361 integrales

226 3388 266 3450 ad
291 3408 384 3450 usum
409 3389 545 3451 civitatis
570 3389 691 3471 prefate
716 3391 747 3451 in
771 3409 804 3451 se
833 3390 1063 3466 continentem,
1087 3409 1104 3449 a
1129 3389 1269 3469 quodam
1295 3387 1432 3470 provido
1457 3404 1487 3449 et

226 3494 361 3557 honesto
379 3497 448 3557 viro
466 3496 622 3578 Dyonisio
636 3495 727 3577 (filio)
745 3497 909 3577 quondam
928 3495 1083 3556 Anthonii
1099 3494 1266 3578 Sypchych
1278 3493 1353 3555 dicti
1371 3493 1410 3554 de
1424 3494 1486 3554 lla·

226 3602 344 3683 konolt,
369 3602 473 3682 jurato
498 3604 655 3664 moderno
680 3617 710 3664 et
742 3604 867 3664 concivi
901 3602 1037 3664 civitatis
1068 3601 1267 3683 supradicte,
1291 3599 1388 3661 simul
1413 3620 1485 3661 cum

226 3708 378 3770 omuibus
401 3709 545 3771 eiusdem
572 3710 687 3770 domus
711 3729 766 3770 sue
792 3724 926 3785 murare,
951 3707 1108 3788 fundique
1126 3706 1327 3783 utilitatibus,
1351 3705 1486 3785 juribus,

225 3815 336 3876 usibus
359 3828 391 3877 et
413 3817 619 3897 pertinenciis
645 3817 811 3894 universis,
835 3815 975 3876 claustro
1001 3829 1109 3875 nostro
1134 3834 1190 3875 seu
1215 3813 1351 3874 ecclesie
1376 3832 1485 3894 supra·

225 3918 310 3983 dicte
336 3934 366 3983 et
391 3941 446 4003 per
479 3942 680 4004 consequens
712 3921 861 3984 fratribus
893 3921 1036 3982 eiusdem
1070 3921 1198 3981 claustri
1232 3919 1431 3999 presentibus
1456 3933 1486 3979 et

226 4024 351 4106 futuris,
374 4046 433 4110 pro
458 4039 550 4090 certa'
574 4030 710 4110 pecunie
742 4048 889 4110 sumpma
924 4029 987 4089 erni
1020 4042 1050 4088 et
1082 4027 1277 4108 comparavi,
1301 4026 1343 4086 ita
1368 4040 1486 4103 tamen,

225 4132 314 4213 quod
338 4153 399 4215 ego
424 4133 519 4196 lrater
544 4135 680 4196 Michael
705 4135 878 4217 predictus,
902 4154 937 4195 ac
970 4134 1022 4194 alii
1051 4132 1161 4193 lratres
1186 4131 1330 4193 eiusdem
1356 4131 1484 4192 claustri

225 4254 388 4322 presentes
411 4254 442 4303 et
467 4240 565 4302 futuri
603 4242 749 4302 eiusdem
783 4241 899 4301 domus
923 4253 953 4300 et
987 4238 1077 4299 fundi
1111 4258 1169 4320 pro
1193 4254 1337 4319 tempore
1362 4255 1485 4318 posses·

224 4365 322 4424 sores,
347 4347 495 4408 universa
520 4363 550 4408 et
574 4347 701 4428 singula
726 4347 870 4424 servicia,
903 4366 1028 4408 necnon
1069 4361 1175 4423 taxas,
1200 4345 1337 4425 vigilias,
1369 4357 1399 4403 et
1423 4343 1484 4403 alia

225 4466 405 4536 opportuna
438 4454 521 4515 dicte
553 4454 690 4515 civitatis
721 4454 854 4535 negocia
886 4454 1026 4515 adinstar
1058 4453 1195 4514 aliorum
1227 4452 1309 4512 dicte
1346 4451 1484 4511 civitatis

225 4560 342 4621 civium
361 4578 511 4641 peragere
530 4574 561 4623 et
576 4560 701 4622 solvere
719 4561 912 4638 tenebimur,
928 4560 1112 4641 erimusque
1129 4558 1281 4638 obligati;
1306 4556 1366 4617 hoc
1383 4557 1484 4617 eciam

227 4684 376 4749 expresso
400 4686 436 4728 ac
459 4665 654 4749 specificato,
678 4670 766 4748 quod
783 4666 904 4748 prelata
929 4665 1045 4727 domus
1069 4680 1193 4726 murata
1207 4682 1346 4726 unacum
1372 4661 1485 4740 fundo,

226 4770 395 4855 hedificiis,
419 4793 544 4839 necnon
562 4773 635 4836 aliis
650 4774 774 4836 cunctis
788 4773 855 4835 suis
873 4773 1074 4852 utilitatibus,
1090 4771 1214 4855 juribus
1231 4784 1262 4835 et
1278 4769 1486 4854 pertinenciis
