3428 5256
232 368 290 428 ¹¹4
758 351 844 409 Anno
867 363 957 426 1521.

225 562 340 624 derunt
365 576 395 624 et
419 562 624 624 contulerunt
657 563 918 625 irrevocabiliter.
952 563 1071 625 Datum
1102 560 1181 624 feria
1204 561 1325 645 quinta
1352 562 1517 645 proxima

224 682 297 750 post
328 667 442 729 festum
479 668 562 730 beati
597 668 763 731 Michaelis
794 669 989 753 archangeli.
1023 674 1118 731 Anno
1152 668 1288 731 Domini
1320 668 1517 732 millesimo

224 775 485 856 quingentesimo
510 775 677 855 vigesimo.

331 881 428 955 Quod
453 900 526 942 curn
552 882 618 964 ipsa
651 882 866 943 communitas
895 902 954 964 pro
987 880 1198 965 expediendis
1229 880 1328 943 certis
1354 882 1516 964 negociis

225 990 255 1049 in
282 988 471 1050 consistorio
504 988 711 1066 consedisset,
745 1003 820 1049 tunc
853 989 990 1050 Michael
1018 986 1150 1072 pellifex
1181 986 1291 1049 senior
1313 985 1451 1069 juratus
1478 1004 1514 1051 et

224 1095 365 1156 concivis
389 1108 507 1172 noster,
540 1094 704 1175 quoddam
738 1093 834 1156 lenile
868 1114 961 1156 snum
994 1095 1028 1156 in
1060 1092 1221 1156 territorio
1245 1092 1393 1155 civitatis
1418 1094 1513 1157 inter

225 1201 379 1282 quasdam
405 1216 502 1261 terras
527 1216 633 1261 nostre
658 1201 883 1280 communitas,
908 1201 971 1281 jam
1005 1201 1037 1262 in
1066 1202 1175 1280 rubos,
1198 1200 1308 1282 spinas
1333 1200 1510 1279 redactas,

226 1327 243 1367 a
269 1307 472 1369 meridionali
504 1321 603 1388 parte,
634 1309 674 1368 ab
706 1308 854 1368 orientali
887 1306 1035 1368 similiter
1067 1307 1150 1369 inter
1179 1305 1319 1368 tribulos
1342 1305 1510 1389 spinosos

227 1413 326 1473 eciam
353 1428 459 1473 nostre
484 1413 735 1492 communitatis,
759 1415 799 1473 ab
816 1413 1008 1474 occidentali
1026 1412 1173 1475 similiter
1198 1411 1296 1473 fenile
1320 1410 1509 1495 hospitalis

225 1520 323 1580 nostri
350 1521 440 1580 beate
467 1519 565 1579 Marie
591 1519 741 1599 virginis,
772 1520 813 1579 ab
846 1519 975 1581 australi
1001 1533 1031 1580 et
1064 1517 1319 1602 septemtrionali
1343 1518 1506 1601 partibus

225 1624 370 1685 similiter
395 1638 520 1706 pratum
547 1625 701 1686 heredum
720 1625 844 1686 Nicolai
870 1625 1025 1687 Horwath
1055 1625 1211 1703 habitum,
1236 1622 1322 1685 idern
1349 1624 1505 1689 Michael

226 1730 355 1812 pellifex
370 1731 517 1811 prudenti
533 1731 681 1792 Michaeli
699 1732 824 1793 literato
842 1731 939 1812 judici
959 1746 1068 1793 nostro
1083 1750 1138 1814 per
1155 1729 1288 1793 modum
1307 1734 1504 1796 concambii

225 1837 409 1899 contulisset
427 1837 685 1900 irrevocabiliter.
712 1838 829 1899 Datum
854 1840 986 1900 sabbato
1005 1840 1153 1920 proximo
1176 1851 1249 1920 post
1265 1835 1384 1899 festum
1404 1838 1504 1902 Con·

225 1944 379 2004 versionis
404 1944 486 2003 beati
514 1943 613 2004 l’auli.
639 1948 733 2004 Anno
760 1944 890 2005 Domini
922 1964 1013 2024 1521.

332 2050 427 2121 Quod
454 2069 525 2109 cum
553 2051 618 2131 ipsa
644 2052 858 2111 communitas
890 2069 948 2131 pro
981 2050 1189 2132 expediendis
1221 2050 1314 2112 certis
1345 2052 1504 2132 negociis

226 2157 491 2234 consedissemus,
501 2172 576 2217 tunc
594 2157 712 2218 nobilis
729 2177 765 2217 ac
783 2157 923 2238 prudens
940 2157 987 2217 vir
1004 2157 1150 2218 Thomas
1167 2154 1354 2238 Bodowych
1372 2157 1502 2239 dictus,

225 2264 302 2325 alius
325 2263 531 2324 scholasticus
549 2278 665 2340 noster,
683 2279 749 2323 tum
774 2264 804 2323 in
823 2283 879 2324 sua
896 2277 1030 2343 tumque
1049 2263 1167 2323 nobilis
1186 2261 1353 2323 Michaelis
1371 2262 1502 2347 dey·

225 2370 299 2451 sych
326 2369 412 2445 dicti,
438 2368 606 2450 fratrisque
624 2370 671 2429 sui
703 2370 845 2451 adoptivi
871 2369 1016 2450 personis
1033 2388 1140 2429 coram
1159 2368 1252 2429 nobis
1275 2368 1501 2450 personaliter

226 2477 427 2551 constitutus,
458 2490 570 2556 sponte
601 2489 631 2536 et
664 2476 762 2538 libere
796 2474 896 2536 lassus
929 2489 975 2536 est
1004 2475 1034 2535 in
1068 2476 1153 2536 hunc
1178 2474 1332 2536 modum:
1361 2489 1396 2536 ut
1422 2476 1498 2559 ipse

226 2583 387 2663 quandam
414 2582 546 2641 domum
572 2596 740 2658 muratam,
765 2600 837 2642 cunr
866 2581 967 2642 tribus
999 2582 1205 2659 stacionibus,
1231 2580 1375 2659 cellario,
1400 2592 1496 2646 turre

226 2690 368 2765 muratis,
393 2688 526 2748 omnino
552 2688 699 2764 ruinosis,
731 2701 826 2768 prout
858 2688 1005 2768 superius
1029 2687 1060 2748 in
1085 2685 1223 2748 fassione
1247 2685 1410 2747 nobilium
1436 2689 1496 2751 lo-

226 2796 338 2856 hannis
364 2794 492 2875 Subych
518 2814 552 2855 ac
579 2793 744 2854 Michaelis
769 2793 957 2875 Oprasnych
987 2807 1070 2854 mete
1096 2794 1240 2871 existant,
1265 2811 1339 2853 cum
1363 2793 1493 2859 eisdem

226 2904 318 2963 metis
332 2917 361 2963 et
375 2901 519 2961 terminis
536 2900 685 2982 prudenti
700 2900 768 2960 viro
780 2899 929 2961 Michaeli
947 2899 1072 2959 literato
1083 2900 1206 2960 concivi
1221 2912 1341 2975 nostru,
1359 2918 1493 2964 necnon

225 3008 355 3068 domine
381 3012 473 3067 Arriae
499 3006 675 3067 conthorali
702 3006 844 3065 eiusdem
864 3024 921 3086 pro
944 3003 1013 3065 flor.
1031 3018 1157 3065 centum
1184 3004 1251 3065 auri
1270 3004 1495 3071 vendiderunt

224 3113 291 3192 jure
318 3127 472 3194 perpetuu
498 3126 528 3173 et
546 3112 804 3172 irrevocabiliter.
824 3111 941 3172 Datum
968 3108 1045 3170 feria
1063 3124 1149 3171 sexta
1174 3109 1205 3170 in
1232 3107 1376 3191 profesto
1395 3111 1493 3174 Puri·

229 3220 389 3281 licacionis
415 3222 504 3279 lieate
530 3220 629 3280 Marie
654 3218 795 3298 virginis.
821 3223 916 3278 Anno
943 3216 1072 3277 Domini
1104 3236 1194 3295 ¹5²¹·

332 3326 428 3397 Quod
455 3345 525 3386 cum
552 3345 610 3385 nos
635 3344 691 3406 pro
710 3323 917 3405 expediendis
941 3322 1033 3382 certis
1051 3322 1193 3401 negociis
1210 3321 1326 3384 nostris
1350 3321 1383 3383 in
1409 3342 1491 3386 con·

227 3432 353 3493 sistorio
386 3447 494 3492 nostro
528 3431 799 3507 consedissemus,
830 3444 905 3490 tunc
938 3427 1077 3509 prudens
1110 3428 1157 3488 vir
1180 3426 1316 3488 Michael
1341 3426 1491 3492 literatus

226 3540 399 3599 modernus
425 3538 518 3613 judex
544 3551 662 3614 noster,
687 3557 703 3598 e
729 3536 837 3597 medio
870 3534 967 3595 nostri
1002 3547 1142 3594 nostram
1176 3551 1332 3612 exurgens
1356 3532 1388 3594 in
1415 3554 1489 3616 pre·

224 3645 375 3721 sanciam,
402 3644 566 3723 lassusque
591 3643 707 3703 exstitit
727 3643 758 3703 in
784 3641 867 3701 hunc
885 3639 1029 3715 modurn,
1055 3653 1088 3699 ut
1105 3638 1171 3719 ipsc
1196 3637 1360 3718 quoddam
1386 3636 1488 3703 fenile

224 3772 317 3811 snum
345 3752 425 3811 inter
439 3766 521 3811 certa
541 3750 649 3811 fenilia
668 3763 773 3810 nostre
790 3745 1030 3809 communitatis
1046 3762 1146 3826 prope
1171 3741 1280 3802 villam
1307 3743 1488 3829 walyana

224 3859 371 3935 existens,
401 3879 416 3918 a
450 3872 537 3937 parte
569 3856 716 3917 orientali
750 3869 780 3916 et
813 3849 1015 3914 meridionali
1049 3861 1080 3910 et
1111 3844 1302 3907 occidentali
1336 3848 1488 3915 similiter

224 3965 377 4045 partibus,
402 3965 501 4045 spinis
526 3984 581 4024 seu
608 3964 758 4045 vepribus
781 3960 928 4022 similiter
952 3970 1058 4017 nostre
1082 3948 1321 4013 communitatis
1346 3953 1485 4021 circum·

227 4071 346 4146 voluta,
371 4072 410 4129 ab
436 4071 564 4131 australi
591 4090 666 4129 vero
696 4069 792 4128 lenilc
824 4063 950 4148 providi
977 4055 1140 4122 Michaelis
1163 4053 1290 4131 Repecz
1315 4055 1404 4137 dicti,
1430 4061 1487 4125 ha.

225 4176 325 4235 bitum
352 4192 381 4236 et
407 4178 554 4253 existens,
579 4176 674 4237 simul
700 4193 770 4236 curn
790 4171 940 4234 omnibus
969 4163 1111 4227 eiusdem
1136 4154 1240 4217 senilis
1263 4156 1486 4251 (utilitatibus)

224 4284 360 4365 provido
385 4299 414 4343 et
440 4284 575 4344 honesto
601 4284 669 4344 siro
695 4278 842 4343 Michaeli
869 4270 996 4357 pellifici
1013 4286 1070 4349 per
1092 4258 1225 4325 modurn
1250 4268 1433 4329 concambii
1451 4286 1484 4336 et

224 4391 474 4470 permutacionis
498 4410 555 4471 pro
581 4390 645 4450 alio
670 4387 759 4449 fenili
784 4382 897 4468 prelati
917 4370 1082 4440 Michaelis
1105 4360 1250 4447 pellificis
1273 4364 1423 4432 similiter
1448 4376 1481 4438 in

224 4496 382 4557 territorio
408 4495 528 4577 prefate
554 4495 690 4556 civitatis
722 4492 878 4565 habiturn,
913 4479 1068 4544 dederunt
1101 4482 1132 4530 et
1166 4480 1387 4547 permutarunt
1411 4475 1482 4552 jure

223 4616 377 4684 perpetuo
403 4616 433 4663 et
459 4601 720 4663 irrevocabiliter.
746 4598 862 4659 Datum
880 4587 956 4651 feria
972 4580 1083 4664 quinta
1106 4569 1247 4685 Pf⁰¹5f¹¹⁸
1272 4572 1479 4689 P⁰⁸10s0³tum

223 4708 305 4769 beati
332 4708 495 4769 Vincencii
522 4706 669 4769 martiris.
694 4710 789 4767 Anno
807 4692 937 4763 Domini
961 4679 1132 4751 millesimo
1155 4686 1415 4755 quingentesimo
1432 4686 1479 4747 vi·

221 4814 346 4899 gesimo
377 4814 492 4895 primo.
