3428 5256
814 1210 894 1289 xll.

222 1426 359 1523 (Anno)
393 1424 504 1500 1513.
544 1407 781 1499 lnverrtarium
820 1423 1002 1521 prebende
1039 1424 1083 1499 de
1114 1423 1234 1513 Rosis‚
1263 1445 1367 1521 quarn
1399 1445 1494 1498 nunc

449 1549 615 1649 possidet
643 1548 820 1647 magister
848 1546 990 1622 Blasius
1020 1548 1064 1622 de
1093 1545 1260 1623 Nedelcz.

329 1759 408 1823 Item
432 1758 538 1842 primo
562 1777 625 1818 una
651 1776 766 1837 magna
791 1756 868 1818 cista
893 1776 951 1838 pro
976 1756 1186 1818 vestimentis.

330 1863 403 1928 Una
426 1884 535 1926 mensa
559 1883 634 1924 cum
658 1862 767 1924 ladula
791 1864 849 1923 sub
875 1862 999 1926 eadem.

332 1971 405 2036 Una
429 1990 525 2053 parva
550 1969 669 2031 ladula.

329 2075 402 2140 Una
426 2076 550 2158 sponda
574 2094 646 2137 cum
672 2094 738 2136 uno
762 2075 921 2156 pulvinari
947 2089 978 2135 et
1002 2075 1101 2136 brevi.

329 2181 457 2245 Cussini
484 2182 559 2259 duo,
584 2181 701 2242 tercius
730 2180 856 2260 longus.

328 2288 401 2351 Una
425 2286 580 2368 amphora
603 2305 667 2368 que
692 2285 830 2367 pertinet
854 2286 894 2347 ad
918 2286 1176 2347 conservandum
1200 2286 1319 2350 oleum.

331 2395 408 2456 ltem
433 2392 499 2454 duo
524 2391 724 2453 linteamina.

330 2499 439 2562 Unum
465 2517 618 2579 magnum
643 2517 698 2558 vas
721 2515 779 2577 pro
804 2500 880 2558 vino
905 2516 1051 2563 vacuum.

333 2605 425 2669 Unus
448 2602 597 2665 vasculus
621 2621 746 2684 parvus.

333 2710 442 2773 Unum
467 2707 642 2790 schaphum
669 2708 886 2770 mensurabile

332 2818 423 2880 Unus
447 2815 595 2877 vasculus
619 2833 692 2876 cum
718 2828 818 2878 aceto.

332 2923 404 2984 Duo
428 2922 541 2983 sedilia
566 2918 771 3003 pontificalia.

331 3028 410 3090 Tria
435 3047 586 3109 scampna
611 3025 745 3088 mobilia
770 3027 852 3088 circa
878 3046 1033 3092 mensam.

332 3136 442 3198 Unum
466 3133 697 3195 candelabrum
723 3132 868 3194 ferreum·

331 3241 461 3322 Septem
486 3240 631 3302 scultelle
653 3258 727 3300 cum
752 3239 857 3301 discis.

333 3347 502 3410 Coclearia
526 3367 590 3408 sex.

335 3452 444 3515 Unum
471 3453 596 3515 coclear
621 3452 770 3529 ferreum,
795 3452 901 3533 lignea
927 3453 963 3518 ll.

334 3559 412 3622 ltem
438 3579 521 3621 unus
545 3560 622 3641 ligo,

334 3666 408 3727 Duo
432 3679 543 3727 veruta
568 3664 680 3729 ferrea.

335 3771 408 3833 Duo
434 3773 609 3854 capisteria.

335 3878 406 3940 Una
432 3878 543 3959 pelvis.

336 3983 443 4045 Unum
469 3985 641 4048 terebrum.

335 4089 408 4150 Duo
433 4108 568 4153 secures.

336 4193 407 4256 Una
431 4195 533 4278 ydria.

336 4300 409 4362 Duo
435 4301 517 4383 pale.

336 4407 472 4469 Vineam
499 4427 649 4489 magnam
674 4410 756 4470 bene
781 4408 910 4472 cultam.

337 4512 490 4594 Quinque
516 4513 616 4575 dietas
641 4528 722 4576 terre
747 4514 887 4578 arabilis.

337 4618 496 4680 Torcular
519 4620 600 4681 circa
624 4620 751 4682 vineam
784 4638 856 4683 cum
880 4621 1070 4685 attinenciis.

336 4725 397 4788 Sex
420 4725 517 4792 dolia.

758 4807 965 4827 ——0-0-0—
