3428 5256
213 1678 414 1737 Inventarirem
431 1676 608 1736 cathedralis
623 1676 733 1734 ecclesie
747 1672 955 1749 sagrabiensts
968 1677 1104 1749 scriptum
1121 1674 1164 1731 ad
1175 1675 1269 1750 finem
1289 1691 1362 1736 saec.
1387 1674 1420 1730 X
1421 1675 1437 1730 l
1444 1674 1476 1735 V.

319 1991 398 2053 Item
424 2011 524 2054 unum
549 2010 607 2073 par
639 1989 872 2052 cirothecarum
905 1987 1140 2071 pontificalium
1173 2005 1245 2051 cum
1271 1988 1478 2071 ymaginibus

215 2097 350 2158 duarum
376 2116 519 2159 rosarum
557 2097 595 2157 de
621 2095 717 2178 perlis
741 2109 772 2157 et
798 2095 909 2156 ceteris
941 2095 1104 2176 lapidibus
1137 2095 1254 2176 parvis,
1279 2114 1395 2156 novem
1420 2114 1477 2156 nu-

215 2222 315 2280 mero,
342 2221 414 2264 cum
439 2203 645 2285 ymaginibus
669 2215 852 2264 sanctorum
887 2201 927 2262 de
951 2220 1030 2262 auro
1054 2200 1226 2262 rahamatis
1250 2202 1300 2263 vel
1325 2202 1478 2263 consutis.

320 2326 398 2388 Item
423 2347 522 2388 unum
547 2325 635 2388 aliud
661 2345 717 2407 par
741 2324 972 2386 cirothecarum
998 2323 1233 2407 pontificalium
1259 2345 1332 2387 cum
1357 2326 1479 2408 ymagi-

216 2432 310 2494 nibus
333 2448 517 2494 sanctorum
542 2450 654 2514 regum
688 2431 827 2492 Ladislai
860 2444 891 2492 et
916 2430 1070 2513 Stephani
1103 2431 1141 2492 de
1166 2445 1299 2512 argento
1324 2431 1478 2493 deaurato

215 2551 246 2598 et
269 2538 440 2616 smaldato‚
465 2551 496 2599 et
522 2538 669 2599 similiter
702 2555 774 2598 cum
807 2534 918 2618 figuris
950 2551 1133 2599 sanctorum
1166 2551 1197 2598 et
1221 2537 1334 2599 ceteris
1359 2537 1480 2619 perulis

216 2643 358 2722 minutis,
383 2642 612 2706 aurifrisatam.

218 2891 425 2973 Sequitur
449 2892 739 2955 inventarium
764 2892 811 2952 de
842 2890 1109 2953 ornamentis
1133 2904 1171 2953 et
1194 2893 1473 2973 paramentis.

323 3051 362 3112 Et
387 3051 491 3133 primo
508 3052 614 3113 casula
624 3052 708 3133 nigri
722 3051 840 3114 coloris
853 3051 893 3113 de
910 3051 997 3133 palio
1010 3051 1111 3112 sancti
1128 3052 1212 3133 regis
1229 3052 1369 3113 Ladislai
1384 3051 1476 3116 iacta.

323 3156 400 3217 Item
426 3176 488 3218 una
514 3157 620 3219 casula
645 3157 684 3218 de
710 3177 818 3239 panno
849 3175 947 3218 aureo
980 3157 1011 3216 in
1044 3176 1158 3239 campo
1183 3159 1284 3219 rubeo
1309 3176 1381 3219 cum
1406 3161 1479 3220 sub-

218 3262 352 3323 ductnra
376 3262 414 3323 de
440 3262 576 3325 cendato
601 3264 712 3341 rubeo,
737 3262 858 3324 habens
882 3281 1007 3325 crucem
1033 3283 1050 3324 a
1075 3277 1160 3325 retro
1185 3277 1324 3343 stante,
1349 3284 1414 3326 non
1439 3264 1478 3326 de

218 3368 357 3450 quadam
383 3383 483 3450 parta,
508 3388 580 3431 cum
606 3370 708 3432 serico
733 3383 764 3431 et
786 3389 865 3430 auro
890 3383 1083 3432 contextam.

324 3493 402 3554 ltem
428 3513 490 3555 una
514 3493 577 3555 alia
595 3494 700 3556 casula
726 3494 765 3555 de
783 3512 891 3575 panno
908 3512 1006 3555 aureo
1023 3494 1173 3557 similiter
1190 3495 1221 3556 iu
1246 3515 1361 3578 campo
1379 3499 1480 3559 rubeo

218 3617 290 3661 cum
316 3599 409 3660 certis
432 3600 653 3682 compassibus
669 3600 708 3661 ad
727 3600 838 3662 leones
862 3620 985 3679 aurens,
1003 3620 1075 3663 cum
1098 3621 1191 3663 cruce
1215 3622 1232 3663 a
1258 3616 1342 3664 retro
1367 3618 1398 3666 et
1415 3623 1479 3667 non

217 3719 302 3784 ante,
328 3705 367 3766 de
391 3719 480 3787 parta
505 3725 612 3784 aurea,
636 3707 793 3769 subducta
818 3706 857 3767 de
882 3707 1018 3768 cendato
1043 3707 1148 3771 viridi.

324 3828 402 3890 ltem
427 3830 533 3890 casula
553 3830 659 3911 glauci
684 3830 802 3892 coloris
832 3830 954 3892 habens
982 3831 1073 3912 quasi
1106 3830 1302 3893 aurifrisium
1328 3833 1479 3895 inantea

218 3949 249 3996 et
274 3949 369 4014 retro,
393 3954 466 3997 cum
490 3936 628 4017 gemmis
644 3936 838 4017 quibusdam
861 3950 893 3999 et
908 3936 1070 4018 lapidibus
1094 3953 1217 4017 ornata,
1242 3958 1314 4000 cum
1338 3959 1393 4001 sua
1412 3941 1481 4002 dal·
1583 3989 1587 3997 .

219 4043 332 4104 matica
357 4043 478 4120 subtili,
503 4043 559 4124 qui
584 4043 708 4125 lapides
730 4057 805 4104 sunt
828 4063 964 4105 numero
998 4046 1233 4127 quinquaginta
1256 4062 1390 4128 septem.

324 4165 402 4227 Item
427 4167 533 4228 casula
563 4171 660 4231 rubea
692 4167 815 4230 habens
847 4182 1000 4249 tanquam
1033 4169 1229 4233 aurifrisium
1253 4191 1310 4254 per
1335 4172 1481 4254 longum,

219 4270 385 4353 ymagines
409 4285 592 4334 sanctorum
627 4273 657 4333 in
690 4293 723 4335 se
755 4274 963 4353 continendo,
995 4294 1068 4336 cum
1100 4277 1238 4356 gemmis
1266 4293 1296 4338 et
1321 4278 1484 4360 lapidibus

218 4376 372 4458 preciosis
395 4377 588 4458 quibusdam
613 4379 771 4458 ordinata,
793 4399 866 4441 cum
884 4400 940 4442 sua
958 4380 1130 4444 dalmatica
1147 4397 1178 4444 et
1194 4384 1312 4463 stricta,
1338 4399 1369 4445 et
1385 4385 1482 4447 babet

219 4481 342 4564 lapides
365 4498 486 4565 septem
512 4503 659 4563 numero,
683 4504 795 4547 carens
817 4486 1025 4552 subductura.

324 4605 403 4669 Item
427 4608 535 4670 casula
558 4609 642 4688 sibe,
666 4622 779 4673 ornata
803 4628 875 4673 cum
891 4612 1029 4692 gemmis
1051 4632 1108 4675 seu
1125 4614 1223 4697 perlis
1241 4630 1272 4677 et
1296 4614 1480 4693 laminibus,

219 4730 294 4776 cum
317 4731 382 4777 uns
406 4712 589 4795 dalmatica,
614 4735 725 4780 carens
747 4716 958 4781 subductum.

325 4900 714 4969 *summouentem
