3428 5256
269 549 433 612 Craticula
459 568 521 610 una
546 546 658 610 ferrea.

270 656 388 717 Verum
414 654 515 717 ferrea
540 653 617 716 duo.

268 761 341 822 Duo
365 761 494 842 thapeta
518 761 643 825 usitata.

268 867 342 928 Pale
367 867 441 945 due,
467 886 530 928 una
555 868 650 945 bona,
675 866 738 928 alia
761 865 847 930 vilis.

202 1018 204 1021 -
267 971 446 1055 Capisteria
470 973 547 1035 duo.

268 1078 411 1162 Bolcalya
436 1078 512 1140 duo.

267 1184 348 1246 ldrie
373 1185 446 1247 due.

266 1290 387 1351 Patelle
412 1290 474 1351 due
498 1290 575 1352 satis
599 1291 714 1352 usitate
739 1289 845 1352 nimis.

268 1396 456 1457 Mortarium
483 1415 583 1457 unum
608 1396 763 1478 ligneum.

532 1590 611 1651 Res
644 1604 682 1653 et
714 1592 821 1652 bona
854 1590 901 1650 ad
934 1608 1055 1652 aram.

270 1732 343 1793 Duo
367 1747 555 1794 ornamenta
580 1732 801 1810 sacerdotalia,
830 1751 930 1793 unum
956 1732 994 1792 de
1020 1751 1160 1814 purpura
1177 1731 1268 1791 rubei
1293 1730 1421 1811 coloris,

164 1858 304 1914 novum;
329 1839 416 1899 aliud
442 1838 481 1899 de
507 1841 651 1900 kamwlca
677 1840 778 1901 eciam
803 1839 893 1900 rubei
919 1838 1046 1915 coloris,
1071 1839 1168 1898 ambo
1192 1856 1264 1898 cum
1290 1838 1426 1900 attinen-

164 1946 221 2007 ciis
246 1964 367 2009 eorum.

267 2051 416 2125 Quatuor
439 2071 555 2133 mappe
580 2050 698 2127 altaris,
728 2051 800 2112 alba
825 2050 864 2110 de
888 2051 951 2112 tela
969 2050 1086 2132 partim
1108 2063 1191 2111 texta
1217 2069 1289 2111 cum
1315 2050 1426 2114 serico.

268 2157 415 2219 Secunda
440 2157 479 2217 de
506 2155 641 2217 hernacz
666 2155 762 2217 flavei
787 2156 915 2218 coloris.

266 2263 381 2325 Tereia
407 2264 521 2324 iterum
547 2262 683 2323 hernacz
707 2262 797 2323 rubei
823 2276 853 2324 et
878 2261 971 2324 flavei
996 2260 1124 2322 coloris.

268 2369 389 2442 Quarta
416 2368 455 2430 de
481 2369 637 2446 lamule,
663 2386 757 2447 nova,
781 2366 885 2429 crocei
910 2367 1037 2429 coloris.

267 2476 339 2536 Duo
364 2474 555 2535 candelabra
576 2493 704 2555 cuprea.

267 2580 396 2642 Missale
422 2599 523 2642 unum
549 2582 671 2640 bonum
697 2579 728 2639 in
753 2598 951 2661 pergameno
975 2578 1138 2661 scriptum.

268 2687 465 2749 Breviarium
491 2705 592 2747 unum
617 2686 650 2746 in
675 2704 881 2767 pergameno.

266 2793 359 2856 Calix
383 2812 466 2853 unus
491 2811 563 2854 cum
590 2805 704 2873 patena
729 2804 760 2853 et
784 2790 954 2873 corporali.

266 2905 378 2980 Agnus
402 2899 452 2960 dei
479 2918 561 2959 unus
585 2912 616 2959 et
639 2898 705 2959 duo
731 2895 919 2960 luczoletha.

266 3007 335 3067 Due
360 3025 456 3087 parve
481 3005 611 3086 ampule
636 3004 735 3066 vitree
761 3017 792 3064 et
815 3004 979 3086 plumbee.

266 3112 388 3173 Ladula
413 3131 488 3188 una,
512 3111 620 3191 longa,
646 3129 745 3191 penes
769 3128 869 3187 aram,
893 3109 925 3170 in
951 3128 1014 3190 qua
1039 3121 1269 3169 conservantur
1293 3121 1426 3169 ornatus

161 3233 192 3280 et
216 3218 276 3279 alia
302 3217 487 3279 necessaria.

268 3323 338 3384 Due
362 3342 517 3404 campane
542 3322 582 3382 ad
606 3341 704 3383 aram.

267 3431 344 3492 ltem
370 3428 552 3492 fenestralia
577 3430 677 3491 vitrea
701 3428 771 3506 tria,
795 3427 906 3488 omnia
931 3429 1025 3489 bona.

267 3537 467 3618 lnlrascripta
492 3550 565 3597 sunt
590 3535 698 3596 addita
724 3535 783 3616 ipsi
817 3532 981 3616 prebende
1015 3553 1071 3615 per
1095 3546 1300 3595 executorem
1326 3532 1425 3613 ipsius

160 3644 284 3704 domini
311 3643 466 3705 lobannis
491 3642 529 3703 de
555 3641 675 3704 Pades:

266 3749 342 3811 ltem
357 3750 500 3830 quinque
514 3747 658 3808 scultelle
672 3746 712 3808 de
725 3746 863 3825 stannio‚
878 3746 1001 3822 usitate,
1019 3764 1081 3805 una
1099 3745 1130 3804 in
1148 3756 1236 3825 parte
1254 3756 1301 3803 est
1316 3740 1422 3806 fracta.

265 3857 424 3920 Cantarus
448 3856 595 3917 similiter
619 3854 659 3916 de
676 3855 803 3914 stannio
821 3873 914 3931 unus,
938 3853 1083 3930 usitatus,
1108 3851 1277 3912 continens
1292 3850 1425 3933 pintam.

266 3964 338 4025 Duo
363 3963 500 4025 caldaria
526 3961 627 4023 lerrea
652 3961 794 4041 antiqua.

267 4070 371 4130 Pelvis
396 4070 435 4130 de
460 4088 559 4149 cupro
585 4088 659 4146 una,
692 4066 767 4128 satis
792 4065 907 4128 usitata
933 4078 962 4125 et
987 4064 1019 4125 in
1044 4078 1132 4146 parte
1158 4060 1266 4126 fracta.

268 4176 427 4257 Scampna
456 4189 589 4255 septem.

267 4281 342 4342 ltem
369 4301 469 4342 unum
495 4280 636 4341 mensale
662 4279 702 4341 ad
727 4298 814 4340 aram
844 4277 1015 4360 optimum,
1048 4294 1181 4353 novum,
1205 4275 1325 4356 pictum
1351 4293 1424 4336 cum

160 4388 303 4452 floribus.

266 4494 414 4577 Tapetha
438 4514 512 4571 una,
537 4513 632 4573 nova,
661 4495 755 4556 bona.

266 4601 337 4664 Una
363 4622 478 4684 mappa
504 4601 613 4662 altaris
636 4598 676 4661 de
701 4612 783 4677 cute,
814 4598 896 4681 picta
922 4617 994 4660 cum
1020 4615 1108 4660 auro.

269 4706 339 4770 Una
364 4707 471 4769 tunica
495 4706 639 4788 antiqua,
663 4705 739 4767 satis
763 4704 846 4784 vilis,
869 4704 989 4766 coloris
1021 4702 1163 4765 celestini
1189 4701 1229 4762 de
1252 4699 1425 4764 themelek.

266 4812 336 4877 Una
360 4813 480 4876 securis
504 4832 613 4895 parva,
636 4811 713 4875 eatis
738 4810 817 4876 vilia.

1322 4914 1358 4982 ¹3
