3428 5256
231 356 272 417 30
761 334 961 416 Anno1476.

334 550 413 611 Item
438 551 513 630 quia
530 549 677 611 vendidit
697 549 832 611 Mathias
848 564 950 612 sartor
969 550 1074 613 Blasio
1090 550 1250 614 moderno
1265 550 1366 631 judici
1383 568 1497 615 nostro

228 656 391 737 quandam
418 656 544 717 vineam
578 675 676 737 penes
713 656 839 718 vineam
873 656 1065 739 parochialis
1095 656 1229 720 ecclesie
1259 658 1361 721 sancti
1393 658 1495 722 Marci

229 782 330 844 usque
347 761 482 823 fluvium
501 761 603 843 llycza
628 776 777 823 vocatum
801 782 835 823 se
853 762 1088 842 extendentem,
1112 782 1172 847 pro
1195 764 1384 845 quindecim
1403 764 1498 845 flor.;

229 869 278 929 cui
304 867 401 948 judici
428 867 500 928 data
526 882 572 928 est
597 868 686 928 litera
712 867 924 949 privilegialis
947 888 1044 951 super
1067 869 1240 953 premissis.

333 973 410 1036 ltem
437 975 511 1055 quia
536 974 671 1055 provida
696 974 812 1036 mulier
834 974 948 1036 Vrsula
970 989 1082 1037 vocata
1108 976 1218 1038 relicta
1243 976 1382 1039 condam
1407 978 1496 1042 Galli

228 1081 342 1142 literati
368 1080 512 1141 vendidit
538 1080 653 1141 domos
678 1100 750 1141 suas
773 1101 829 1142 seu
855 1079 990 1142 fundum
1016 1101 1110 1143 suum
1135 1081 1272 1145 Nicolao
1296 1082 1493 1167 lwanouycz

227 1189 266 1248 de
294 1189 473 1269 Brezoycza
500 1206 557 1268 pro
582 1186 793 1267 quadraginta
819 1186 899 1265 flon,
929 1188 1010 1248 inter
1042 1188 1175 1250 domum
1208 1188 1435 1272 Valpuelrycze
1462 1204 1494 1253 et

228 1296 349 1376 plateas
373 1314 579 1369 communcs;
604 1294 654 1354 cui
680 1293 752 1353 data
778 1307 823 1354 est
848 1294 938 1354 litera
964 1294 1174 1376 privilegialis
1197 1314 1293 1378 super
1315 1296 1492 1379 premissis.

334 1400 411 1461 ltem
438 1400 512 1481 quia
538 1399 753 1460 communitas
776 1399 921 1460 vendidit
938 1400 1100 1481 quandam
1125 1401 1252 1463 vineam
1276 1401 1385 1464 relicte
1410 1421 1488 1465 cott-

226 1508 300 1568 dam
328 1506 542 1587 Margaretlre,
567 1525 629 1586 que
655 1520 784 1586 propter
808 1525 954 1567 excessus
977 1526 1032 1567 seu
1062 1505 1220 1569 maliciam
1245 1526 1334 1569 suam
1360 1526 1490 1569 concre-

227 1628 310 1675 mata
336 1615 448 1691 extitit,
475 1632 570 1694 quam
606 1612 794 1673 vendiderat
828 1614 906 1697 Elye
941 1611 1038 1673 lusori
1073 1632 1300 1695 campanarum
1325 1628 1492 1695 tamquam

227 1720 411 1800 propinquo
437 1720 543 1779 vicino
569 1734 597 1779 et
617 1733 840 1780 commetaneo
863 1720 1007 1779 eiusdem
1027 1720 1137 1794 vinee3
1163 1720 1212 1781 cui
1231 1719 1304 1782 data
1328 1735 1376 1782 est
1399 1720 1492 1784 litera

228 1825 437 1906 privilegialis
461 1846 556 1905 super
581 1826 753 1906 premissis.

332 1931 408 1992 ltenr
435 1933 510 2013 quia
534 1932 678 1992 vendidit
696 1931 879 1992 Anthonius
895 1945 997 1992 sartor
1014 1932 1176 2012 quandam
1193 1946 1309 1995 terram
1334 1932 1491 1997 arabilem

226 2058 323 2119 penes
348 2038 450 2120 llycza
476 2058 533 2119 pro
559 2039 668 2099 decern
707 2053 737 2099 et
774 2056 889 2097 novem
923 2037 991 2100 flor.
1019 2038 1137 2100 Mathie
1174 2037 1400 2121 Symuln)ycz;
1436 2040 1489 2103 cui

225 2144 298 2205 data
323 2159 369 2205 est
396 2145 484 2205 litera
509 2164 603 2226 super
628 2144 798 2226 premissis.

331 2251 407 2311 ltem
434 2250 508 2331 quia
534 2251 782 2331 circumspectus
807 2250 854 2309 vir
886 2263 916 2310 et
940 2250 1094 2311 discretus
1126 2250 1289 2311 Johannes
1313 2248 1398 2313 lilius
1424 2252 1484 2313 Mi·

225 2357 355 2435 chaelis,
380 2358 487 2417 senior
511 2357 604 2437 judex
630 2372 660 2417 et
685 2356 826 2417 concivis
852 2371 968 2433 noster,
994 2356 1138 2417 vendidit
1163 2356 1325 2437 quandam
1351 2356 1490 2419 domum

227 2483 316 2523 suam
343 2483 440 2544 penes
465 2464 597 2523 domum
625 2463 713 2522 lurse
748 2462 901 2522 institoris
927 2461 1055 2522 Thome
1082 2460 1203 2523 famulo
1228 2462 1365 2523 condam
1393 2462 1489 2524 Blasii

224 2570 353 2631 illmaoi
380 2590 437 2651 pro
463 2569 575 2650 viginti
602 2583 674 2630 octo
700 2568 768 2630 flor.
794 2568 880 2643 auri;
906 2568 956 2628 cui
990 2568 1062 2629 data
1088 2582 1134 2629 est
1159 2568 1249 2630 litera
1279 2567 1492 2651 privilegialis

223 2697 318 2758 super
342 2677 505 2757 premissis
529 2690 685 2756 perpetuo
711 2674 920 2755 possidendis.

330 2782 427 2853 Quod
454 2782 528 2862 quia
555 2780 736 2862 Stephanus
761 2779 908 2859 plathnar
934 2780 1052 2853 iuratus
1081 2780 1255 2841 modernus
1280 2793 1388 2841 nostre
1414 2780 1490 2842 civi·

223 2889 305 2963 tatis,
331 2902 481 2948 executor
506 2886 654 2947 videlicet
680 2885 815 2946 condam
838 2885 1036 2965 Margarethe
1055 2886 1209 2963 mulieris,
1227 2885 1372 2948 vendidit
1388 2905 1490 2967 quan·

224 2994 296 3053 dam
322 2994 456 3054 domum
482 2994 564 3054 dicte
590 2992 734 3053 mulieris
759 2992 840 3052 inter
865 2992 997 3052 domum
1018 2992 1137 3053 Mathia
1164 2990 1321 3053 carnificis
1346 3010 1405 3074 pro
1423 3012 1490 3055 uno

224 3099 292 3159 llor.
319 3100 406 3172 auri;
432 3099 482 3159 cui
508 3100 580 3158 data
606 3112 651 3158 est
686 3097 774 3158 litera
812 3096 1021 3177 privilegialis
1053 3118 1147 3178 super
1181 3098 1248 3179 ipsa
1274 3098 1373 3159 domo
1398 3098 1488 3159 vide·

223 3204 294 3265 licet
321 3204 483 3285 Stephano
508 3206 607 3265 sutori
634 3218 664 3264 ct
690 3202 863 3263 Katherine
888 3205 988 3263 sorori
1008 3204 1151 3264 eiusdem
1177 3224 1271 3285 super
1297 3205 1362 3286 ipsa
1382 3204 1483 3267 domo

222 3330 349 3386 sonans,
374 3312 432 3371 sub
457 3310 564 3391 sigillo
589 3310 830 3371 communitatis
855 3324 1010 3391 perpetuo
1036 3310 1239 3391 possidenda.

329 3416 366 3476 Et
392 3418 465 3497 quia
493 3416 626 3497 provida
659 3416 774 3476 mulier
808 3415 921 3475 Vrsula
956 3430 1067 3477 vocata
1100 3418 1208 3478 relicta
1234 3417 1370 3478 condam
1397 3416 1482 3478 Galli
1516 3458 1522 3473 .

225 3521 338 3581 literati
374 3522 518 3583 vendidit
551 3522 713 3603 quendam
748 3520 901 3601 [hlortum
936 3523 1114 3583 muscatelli
1147 3526 1206 3584 sub
1231 3543 1324 3584 muro
1348 3522 1485 3585 civitatis

222 3627 303 3685 inter
327 3626 481 3699 (hlortum
508 3628 663 3689 Anthonii
689 3628 823 3687 senioris
847 3627 960 3705 judicis
978 3642 1008 3689 et
1037 3629 1132 3689 Blasii
1156 3630 1311 3691 institoris
1336 3629 1482 3691 moderni

222 3730 336 3805 judicis
361 3735 458 3794 nostri
484 3753 542 3815 pro
577 3734 689 3815 viginti
726 3733 870 3814 quinque
904 3734 972 3795 flor.
1005 3735 1071 3794 auri
1107 3734 1249 3816 Georgia
1275 3736 1408 3817 Zubay;
1433 3734 1483 3796 cui

221 3838 292 3897 data
307 3853 353 3899 est
366 3839 454 3899 litera
470 3840 678 3920 privilegialis
694 3858 789 3920 super
810 3840 972 3917 premissis
989 3840 1047 3899 sibi
1068 3854 1222 3922 perpetuo
1241 3840 1484 3923 possidendum.

327 3943 424 4015 Quod
439 3946 514 4025 quia
529 3946 745 4007 vendiderunt
763 3944 899 4005 lllathias
924 3944 1140 4029 Scrolrothycz
1163 3961 1193 4008 et
1211 3946 1357 4008 Thomas
1376 3946 1484 4008 Struz·

221 4051 320 4133 ltoycz
346 4051 500 4129 quasdam
527 4052 636 4113 vineas
661 4054 691 4112 in
717 4052 830 4111 silvam
857 4050 1000 4110 redactas
1028 4052 1058 4111 in
1085 4053 1260 4115 lelenoucz
1287 4054 1395 4113 Blasio
1420 4054 1483 4114 Ne·

221 4155 507 4237 lterscheniltoycz;
533 4158 582 4217 cui
609 4158 680 4217 alata
706 4172 752 4217 cst
777 4158 866 4218 litera
893 4157 1101 4237 privilegialis
1125 4180 1221 4241 super
1243 4160 1416 4240 premissis.
