3428 5256
223 522 355 583 floribus
378 542 413 583 ac
438 522 508 583 aliis
532 521 666 583 diversis
692 521 897 604 ymaginibus
914 523 1028 598 aureis,
1056 522 1177 584 habens
1201 522 1396 584 aurifrisium
1414 542 1486 583 cunr

223 628 427 712 ymaginibus
450 641 632 689 sanctorum
651 647 723 688 cum
749 627 996 708 dyadematibus
1015 648 1088 690 cum
1106 629 1203 711 perlis
1225 629 1344 710 grossis
1367 644 1487 690 etcum

224 734 335 795 ceteris
360 734 531 816 lapidibus,
557 732 678 795 babens
703 733 734 794 in
760 748 888 815 pectore
918 735 973 796 ubi
1004 735 1178 797 nodulatur
1202 755 1302 818 cappa
1328 736 1393 797 duo
1419 756 1486 797 mo·

224 840 312 919 uilia,
337 841 368 902 in
395 860 534 922 quorum
562 859 626 901 uno
650 854 723 902 sunt
747 855 809 901 tres
826 841 961 923 lapides,
978 842 1099 903 scilicet
1123 841 1189 902 duo
1206 843 1324 924 saphiri
1351 857 1381 903 et
1406 862 1488 904 unus

223 948 398 1026 amaristus,
423 963 453 1008 et
471 948 501 1008 in
520 946 629 1009 medio
647 966 708 1007 uua
726 944 826 1027 figura
842 947 874 1008 iu
888 947 1029 1028 quodam
1049 947 1155 1029 lapide
1180 949 1325 1030 precioso
1350 950 1486 1031 sculpta,

223 1054 343 1115 babens
368 1055 399 1114 in
426 1073 522 1115 manu
549 1072 645 1115 unam
670 1072 810 1132 crucem,
827 1072 899 1115 cum
918 1069 1056 1136 quatuor
1080 1054 1195 1115 coralis
1219 1056 1343 1137 magnis
1361 1056 1391 1117 in
1410 1075 1488 1117 auro

223 1161 329 1240 ligata.
355 1159 432 1222 ltem
458 1162 497 1221 ab
522 1160 584 1220 alia
608 1173 697 1242 parte
723 1179 795 1221 cum
820 1159 949 1222 duobus
981 1159 1117 1242 saphiris
1142 1175 1172 1221 et
1197 1180 1260 1222 una
1285 1162 1431 1223 amatista
1457 1176 1486 1222 et

223 1268 253 1328 in
282 1268 390 1329 medio
414 1283 508 1349 caput
533 1267 627 1328 unius
639 1266 771 1329 domine
796 1266 827 1327 in
851 1267 993 1348 quodam
1019 1266 1125 1349 lapide
1150 1267 1225 1328 albo
1249 1270 1421 1350 sculptum,
1446 1269 1487 1330 si·

224 1373 343 1435 militer
368 1393 439 1435 curn
466 1388 604 1454 quatuor
627 1372 743 1434 coralis
767 1372 883 1449 rubeis,
900 1372 1048 1433 similiter
1071 1374 1103 1434 in
1129 1393 1207 1434 auro
1225 1374 1341 1454 ligatis,
1366 1373 1487 1436 habens

222 1480 361 1541 sedecim
386 1480 509 1563 lapides
533 1479 697 1562 preciosos
721 1480 753 1541 in
777 1476 937 1541 aurifrisio
962 1494 992 1540 et
1017 1480 1048 1540 in
1074 1480 1209 1541 circuitu
1234 1480 1384 1542 aurifrisii
1412 1501 1484 1543 cum

223 1587 402 1668 margaritis
434 1587 626 1668 quibusdam
660 1586 837 1664 diminutis
869 1586 1026 1648 subducta
1059 1606 1131 1648 cum
1164 1587 1269 1648 viridi.
1299 1624 1337 1633 -
1365 1588 1485 1649 Eadem

223 1714 322 1776 cappa
348 1692 407 1756 fuit
432 1707 551 1755 mutata
577 1695 607 1754 in
633 1693 729 1755 aliam
757 1692 894 1754 formam
919 1713 975 1776 per
998 1693 1169 1756 dominum
1195 1694 1384 1777 episcopum
1418 1715 1486 1757 mo·

223 1800 370 1862 dernum.

329 1906 405 1968 ltenr
431 1906 493 1968 due
517 1926 617 1988 cappe
643 1906 682 1967 de
706 1906 817 1967 veluto
842 1906 947 1988 piloso
968 1905 1072 1968 blavei
1096 1906 1213 1968 coloris
1237 1927 1311 1969 cum
1336 1907 1486 1985 aurifriis,

225 2012 382 2074 subducte
406 2032 479 2074 cum
503 2013 567 2075 tela
590 2031 699 2093 grossa
724 2014 832 2090 rubea,
857 2012 987 2074 corales.

330 2119 419 2196 ltem,
444 2120 506 2180 due
532 2119 594 2181 alie
619 2138 718 2200 cappe
750 2119 883 2195 corales,
915 2118 953 2179 de
978 2119 1084 2180 atblaz
1116 2120 1183 2181 sive
1215 2121 1365 2182 cetenino
1391 2121 1483 2182 liavei

223 2224 351 2302 coloris,
375 2245 449 2286 cum
474 2223 651 2302 aurifrisiis,
675 2225 822 2286 similiter
847 2224 1005 2287 conducta
1031 2244 1104 2287 cum
1128 2227 1204 2288 tella
1228 2246 1351 2307 grossa,
1376 2229 1486 2289 rubea.

272 2401 478 2481 Sequitur
513 2401 804 2463 inventarium
835 2416 1186 2464 ornamentorum
1227 2405 1440 2467 altarium.

328 2545 417 2624 ltem,
442 2546 571 2606 inventa
590 2558 636 2606 est
653 2545 737 2627 palla
755 2564 812 2606 seu
829 2565 954 2627 pannus
977 2559 1050 2607 ante
1067 2545 1166 2607 altare
1183 2546 1222 2606 de
1240 2546 1391 2607 damasco
1409 2547 1485 2607 boni

223 2666 254 2714 et
282 2652 352 2734 puri
378 2651 458 2730 auri,
484 2652 574 2713 cuius
597 2652 734 2713 sericum
759 2666 805 2713 est
823 2652 912 2713 rubei
938 2653 1065 2730 coloris,
1090 2651 1210 2713 habens
1227 2653 1407 2713 consimilia
1431 2672 1486 2713 an·

221 2758 344 2838 gularia
370 2777 444 2820 cum
469 2757 629 2819 aurifrisio
647 2758 678 2818 in
696 2771 784 2839 parte
810 2757 953 2820 inferiori
977 2772 1007 2819 et
1025 2759 1126 2820 eciam
1143 2758 1252 2820 sistam
1276 2778 1332 2820 seu
1357 2777 1484 2820 comam

221 2864 328 2926 altaris
352 2883 424 2926 cum
449 2863 610 2925 aurifrisio
636 2864 701 2925 lato
725 2877 756 2924 et
780 2864 867 2925 bono
892 2883 966 2926 curn
987 2864 1096 2926 subtili
1114 2864 1216 2925 serico
1241 2878 1272 2926 et
1296 2864 1413 2925 diversi
1431 2883 1484 2925 co·

221 2971 298 3032 loris
323 2970 501 3053 inpendulo
526 2971 719 3033 decoratam.

327 3077 416 3156 ltem,
440 3079 569 3139 inventa
594 3092 641 3140 est
664 3077 726 3139 alia
751 3077 895 3160 pallade
920 3079 1030 3139 veluto
1048 3079 1149 3138 rubeo
1173 3091 1204 3138 et
1228 3076 1323 3138 viridi
1349 3077 1381 3137 in
1407 3096 1485 3159 qua·

221 3203 291 3245 rum
316 3184 551 3245 coniunccione
576 3185 732 3266 plicarum
757 3199 832 3246 sunt
854 3183 1012 3245 aurifrisia
1029 3198 1151 3266 septem
1177 3183 1315 3265 desuper
1340 3198 1485 3262 consuta,

223 3290 347 3352 habens
372 3290 536 3369 angularia
562 3290 742 3352 consimilia
775 3310 810 3352 ac
842 3290 942 3351 eciam
968 3309 1095 3351 comam
1128 3289 1235 3351 altaris
1260 3290 1299 3351 de
1323 3288 1485 3351 aurifrisio

221 3397 408 3480 dupplicato
433 3398 528 3458 simul
554 3412 684 3480 propter
709 3397 911 3459 latitudinem
932 3412 1077 3473 consuta,
1102 3416 1238 3478 quarum
1263 3395 1484 3458 aurifrisarum

224 3518 298 3565 suut
322 3524 374 3564 sex
399 3505 568 3568 subtracte.

327 3611 417 3688 ltem,
441 3631 536 3672 aurea
562 3612 646 3693 palla
664 3611 773 3673 altaris
797 3612 836 3674 de
855 3615 1003 3687 kamolta,
1021 3610 1143 3672 habens
1157 3613 1188 3671 in
1206 3631 1238 3672 se
1263 3611 1381 3693 figuras
1398 3611 1484 3672 fron·

220 3717 309 3778 dium
334 3738 390 3779 seu
415 3716 568 3779 foliorum
594 3737 665 3779 cum
683 3718 843 3780 similibus
866 3719 993 3799 angulis
1010 3718 1048 3777 de
1074 3737 1152 3778 auro
1170 3715 1335 3794 contextis,
1360 3717 1484 3779 babens

220 3825 321 3886 eciam
346 3845 471 3887 cornum
499 3845 570 3885 cum
595 3845 673 3886 auro
697 3839 800 3888 sutam
834 3839 863 3887 et
888 3826 1008 3901 serico,
1042 3824 1213 3885 babentem
1238 3824 1376 3884 sericum
1406 3843 1482 3905 pen·

220 3932 354 3994 denset
379 3952 442 3993 non
469 3930 603 3994 filatum.

325 4038 413 4112 item,
439 4039 569 4099 inventa
594 4053 641 4099 est
664 4039 726 4100 alia
751 4039 835 4120 palla
860 4037 980 4099 habens
1010 4040 1146 4098 rubeum
1171 4055 1321 4118 campum
1347 4050 1377 4096 et
1401 4037 1481 4097 vites

218 4165 274 4207 seu
300 4144 376 4206 folia
402 4144 594 4205 creberrima
619 4164 690 4205 cum
720 4165 799 4206 auro
824 4145 979 4206 contextis
1010 4163 1083 4204 cum
1117 4162 1208 4204 coma
1234 4157 1265 4203 et
1291 4162 1355 4203 uno
1379 4162 1481 4223 angu-

218 4252 275 4313 lari
302 4270 477 4313 cumauro
503 4250 603 4326 factis,
628 4266 657 4310 et
690 4250 803 4312 eadem
836 4251 920 4331 palla
947 4250 1041 4310 habet
1073 4250 1103 4308 in
1131 4268 1193 4308 una
1226 4249 1308 4329 plica
1335 4247 1479 4309 inferiori

219 4357 392 4421 defectum.

324 4465 413 4541 ltern,
438 4477 512 4525 sunt
536 4466 638 4526 eciam
664 4464 793 4525 inventa
823 4464 960 4544 quedam
995 4479 1183 4524 ornamenta
1208 4464 1315 4525 altaris
1339 4463 1483 4544 antiqua,

218 4571 337 4634 babent
361 4587 468 4633 tamen
493 4571 647 4632 mensalia
672 4570 746 4631 satis
772 4571 868 4632 bona.

322 4678 412 4754 Item,
437 4697 518 4739 uuus
542 4696 667 4759 pannus
695 4677 826 4739 sericius
857 4677 998 4738 diversas
1022 4678 1188 4762 ymagines
1220 4679 1320 4740 sancti
1348 4676 1478 4740 Martini

216 4783 349 4850 habens.
