3428 5256
736 358 920 418 luventas-ia.
1407 359 1461 423 181

312 568 388 628 Item
415 588 478 629 una
502 569 605 653 sytula
630 582 779 648 argentea
804 586 862 650 pro
883 587 965 649 aqua
990 568 1157 630 benedicta
1183 589 1255 630 cum
1280 568 1408 630 circulis
1432 569 1463 628 in

201 675 335 735 circuitu
357 690 388 736 et
412 676 585 737 manubrio
609 673 781 751 deauratis,
800 674 953 755 ponderis
971 690 1094 757 septem
1112 694 1291 737 marcarum
1316 688 1347 737 et
1371 675 1465 755 quin·

202 781 305 841 decim
331 780 485 863 nehezylt.

307 886 385 947 Item
399 887 615 968 aspersorium
633 905 707 947 cum
722 885 845 947 nodulo
863 886 958 947 unius
973 906 1078 948 marce
1096 900 1127 948 et
1143 885 1296 948 tredecim
1310 885 1465 967 nehezylt.

308 991 385 1053 ltem
411 1012 474 1053 una
499 993 561 1053 alia
595 991 689 1052 situla
723 1011 781 1072 pro
813 1010 897 1072 aqua
930 993 1097 1053 benedicta
1131 992 1171 1053 de
1204 991 1310 1073 lapide
1341 989 1467 1073 porfido

203 1100 303 1160 rubeo
327 1118 400 1159 cum
426 1098 597 1160 manubrio
623 1112 653 1158 et
677 1096 949 1159 circumferenciis
967 1113 1031 1159 tam
1055 1098 1086 1158 in
1111 1098 1295 1158 summitate
1319 1116 1415 1178 quam
1436 1098 1466 1156 in

202 1205 295 1286 pede,
320 1220 350 1266 et
373 1204 514 1266 adlatus
538 1205 578 1265 de
595 1218 739 1282 argento,
764 1202 926 1281 deaurata,
939 1203 1102 1285 ‚ponderis
1127 1203 1263 1265 duarum
1287 1220 1465 1264 marcarum

202 1324 233 1372 et
257 1310 429 1372 duodecim
456 1309 612 1392 nehezylc.

311 1416 387 1478 ltem
415 1435 477 1477 una
503 1415 605 1499 pelvis
628 1413 668 1476 de
693 1428 826 1496 argento
866 1434 940 1476 cum
965 1414 1063 1475 ducili
1088 1412 1241 1496 ponderis
1264 1413 1359 1474 trium
1385 1431 1467 1473 mar·

203 1542 311 1585 carum
336 1522 443 1583 minus
468 1540 533 1583 uno
558 1519 694 1582 fertone.

309 1628 387 1689 ltem
413 1646 476 1688 una
509 1627 571 1688 alia
604 1625 706 1707 pelvis
738 1624 886 1686 similiter
918 1625 958 1686 de
990 1637 1134 1704 argento,
1160 1623 1191 1684 in
1217 1623 1331 1685 eadem
1354 1621 1467 1700 forma,

205 1733 274 1794 sine
308 1732 419 1811 ducili,
450 1731 603 1813 ponderis
635 1731 771 1792 duarum
808 1750 987 1792 marcarum
1030 1749 1103 1791 cum
1137 1729 1273 1791 dimidio
1305 1743 1344 1791 et'
1367 1729 1469 1791 tribus

206 1839 360 1920 nehezyk.

312 1945 389 2005 ltem
415 1943 481 2005 duo
505 1942 698 2004 candelabra
723 1961 796 2004 cum
821 1942 910 2022 ligno
928 1942 968 2002 ab
993 1941 1087 2018 intra,
1112 1940 1265 2022 ponderis
1288 1954 1361 2002 octo
1386 1959 1468 2001 mar·

205 2070 315 2111 carum
342 2050 449 2111 minus
473 2049 659 2130 quindecim
693 2048 849 2130 nehezyk‚
882 2062 913 2108 et
944 2061 1019 2109 sunt
1053 2047 1094 2108 ad
1126 2066 1255 2128 presens
1279 2047 1311 2107 in
1335 2060 1405 2108 toto
1429 2045 1468 2108 de

204 2172 336 2238 argento
362 2156 442 2218 lacta
468 2170 499 2218 et
522 2169 684 2234 renovata,
709 2152 816 2216 deficit
840 2173 895 2236 pes
919 2153 1015 2216 unius
1047 2153 1229 2214 candelabri
1255 2153 1350 2215 unius
1374 2165 1469 2235 prout

208 2264 240 2324 in
267 2263 402 2343 antiquo
427 2276 568 2343 regestro
593 2275 639 2322 est
663 2261 836 2341 signatum.

312 2368 388 2429 ltem
415 2367 477 2428 dua
502 2367 564 2428 alia
590 2367 781 2428 candelabra
806 2366 845 2428 de
870 2385 981 2448 cupro,
1015 2367 1177 2446 deaurata,
1209 2380 1348 2448 quatuor
1371 2365 1469 2448 pedes

207 2476 246 2535 de
270 2488 415 2555 argento,
446 2487 520 2535 sunt
550 2473 703 2554 ponderis
736 2487 811 2534 octo
843 2492 1041 2549 marcarum
1078 2493 1142 2535 non
1177 2473 1389 2554 reperiuntur,
1413 2472 1468 2533 sed

207 2581 283 2643 dicit
307 2593 423 2657 custos,
448 2579 536 2661 quod
554 2594 627 2640 sunt
644 2579 784 2660 quedam
809 2579 953 2661 antiqua,
971 2580 1106 2641 omnino
1124 2581 1187 2641 iam
1205 2577 1313 2657 fracta,
1339 2592 1369 2640 et
1386 2590 1470 2640 stant

206 2687 344 2748 exterius
368 2686 400 2746 in
425 2685 566 2746 sacristia
590 2686 739 2748 exteriori
764 2704 860 2766 super
884 2704 982 2748 aram.

314 2791 390 2852 ltem
416 2810 515 2852 unum
542 2790 758 2853 thurribulum
782 2791 821 2852 de
838 2805 982 2871 argento,
1000 2790 1200 2867 deauratum,
1224 2810 1297 2852 cum
1322 2790 1468 2851 navicula

207 2917 263 2958 sua
288 2911 319 2957 et
343 2897 479 2957 cocleari
503 2915 563 2957 suo
588 2916 652 2957 non
678 2896 843 2974 deaurato,
878 2897 1031 2978 ponderis
1063 2897 1159 2958 trium
1193 2915 1371 2957 marcarum
1396 2915 1467 2956 cum

208 3002 315 3064 media
341 3003 447 3063 minus
471 3003 574 3063 tribus
591 3001 746 3086 nehezylt‚
771 3016 802 3064 et
819 3001 925 3064 deficit
947 3002 1052 3063 media
1070 3021 1175 3063 marca
1193 3015 1224 3063 et
1247 3021 1301 3063 sex
1325 3001 1468 3084 nehezyk

208 3123 302 3190 prout
326 3108 357 3169 in
383 3108 517 3190 antiquo
541 3122 683 3188 regestro
706 3122 754 3170 est
777 3108 949 3189 signatum.

313 3213 390 3274 ltem
423 3214 485 3275 due
517 3214 646 3296 ampule
678 3213 717 3275 de
742 3229 876 3295 argento
903 3234 967 3276 non
995 3214 1155 3292 deaurate‚
1188 3214 1340 3295 ponderis
1364 3213 1469 3275 medie

209 3320 322 3381 marcis
346 3333 378 3381 et
401 3320 512 3381 decem
537 3320 691 3404 nehezylt.
