3428 5256
271 319 332 382 104
800 303 886 361 Anno
909 299 1000 379 1518.

265 528 296 577 et
319 513 454 577 honesto
480 516 549 577 viro
575 515 685 577 Marco
711 515 856 597 Posegay
880 514 998 576 seniori
1029 513 1127 595 judici
1153 528 1184 575 et
1208 515 1334 576 concivi
1360 528 1470 577 nostro
1496 535 1534 577 ac

266 641 322 704 per
346 640 420 683 eum
438 623 504 683 suis
522 621 695 682 heredibus
711 641 769 702 pro
789 618 858 684 flor.
876 621 1004 682 duobus
1020 621 1088 682 auri
1106 633 1137 682 et
1154 640 1211 703 pet
1228 620 1368 682 eundem
1389 621 1533 682 Marcum

265 728 359 790 nobis
390 748 448 790 seu
480 727 704 790 communitati
739 740 844 788 nostre
877 726 972 810 plene
1005 725 1087 788 datis
1120 740 1150 788 et
1187 726 1370 810 persolutis,
1395 727 1534 789 liberum

265 837 387 916 absque
411 834 500 897 omui
525 853 623 896 censu
648 847 757 895 nostro
782 833 948 895 communi
966 833 1006 896 de
1030 852 1097 914 quo
1122 834 1210 916 prius
1234 833 1468 916 proveniebant
1492 833 1534 895 ad

266 941 454 1003 comitatum
479 955 626 1002 nostrum
652 939 748 1001 solidi
778 939 892 1020 viginti
925 939 1082 1021 quinque,
1115 939 1321 1001 vendidimus
1346 956 1376 1002 et
1401 940 1535 1022 inscrip-

266 1047 366 1109 simus
389 1047 457 1129 jure
481 1061 640 1130 perpetuo
665 1059 696 1106 et
728 1045 1000 1122 irrevocabiliter;
1036 1046 1087 1106 cui
1113 1045 1185 1107 data
1219 1059 1266 1107 est
1290 1046 1380 1108 litera
1406 1047 1534 1129 privile·

265 1153 370 1233 gialis.
396 1152 514 1214 Datum
540 1150 617 1214 feria
643 1152 754 1233 quinta
773 1151 920 1234 proxima
937 1164 1011 1213 ante
1036 1149 1152 1212 festum
1170 1153 1262 1212 beate
1288 1152 1388 1213 Elene
1413 1152 1534 1233 regine.

267 1263 362 1320 Anno
387 1258 520 1320 Domini
545 1257 721 1319 millesimo
746 1257 1008 1339 quingentesimo
1033 1257 1160 1318 decimo
1185 1271 1310 1319 octavo.

376 1365 473 1439 Quod
499 1365 573 1446 quia
600 1384 658 1425 nos
690 1362 854 1445 quandam
887 1364 1015 1424 vineam
1051 1363 1209 1424 desertam
1242 1362 1304 1444 jam
1337 1364 1477 1426 totaliter
1501 1363 1533 1425 in

267 1474 398 1533 rubetos
422 1471 596 1549 redactam,
621 1470 652 1531 in
676 1470 780 1552 llycza
806 1469 960 1546 habitam,
989 1470 1021 1530 iu
1054 1470 1216 1531 territorio
1242 1485 1351 1532 nostro
1376 1489 1432 1531 seu
1455 1470 1533 1531 aivi·

268 1577 341 1640 tatis
363 1576 485 1659 prefate
511 1576 593 1637 inter
617 1576 745 1637 vineam
771 1588 801 1637 et
828 1574 963 1636 domum
996 1575 1131 1658 provide
1157 1575 1301 1637 mulieris
1328 1576 1533 1637 Brozowicza

269 1685 363 1762 dicte,
388 1682 493 1745 incole
518 1696 548 1743 et
572 1681 804 1743 inhabitatricis
827 1681 978 1743 territorii
1001 1681 1141 1742 civitatis
1165 1696 1283 1759 nostre,
1308 1703 1325 1743 a
1350 1698 1438 1763 parte
1463 1702 1533 1763 sep-

267 1788 465 1853 temtrionali
490 1788 545 1848 ubi
569 1787 690 1848 mediat
714 1787 850 1869 desuper
875 1788 915 1847 ab
949 1786 1141 1848 occidentali
1166 1801 1254 1869 parte
1280 1787 1445 1867 quoddam
1471 1785 1534 1848 ios·

267 1908 370 1956 saturn
396 1913 497 1977 prope
522 1893 685 1974 quandam
711 1892 795 1953 viam
818 1910 1024 1954 communem
1043 1905 1074 1954 et
1091 1893 1133 1953 ibi
1159 1905 1205 1954 est
1222 1912 1369 1974 quercus,
1394 1894 1433 1953 ab
1459 1892 1534 1955 inde

269 2001 349 2065 inira
374 2002 493 2063 directe
518 2001 664 2083 procedit
682 2001 712 2061 in
738 2000 901 2081 quendam
920 2001 1067 2061 arborem
1086 2001 1200 2079 cerusi,
1219 2000 1337 2061 deinde
1362 1999 1442 2062 infra
1460 2020 1533 2082 pro·

269 2108 353 2171 cedit
377 2107 496 2168 directe
519 2108 665 2189 pervenit
690 2105 729 2167 ad
748 2105 881 2167 fluvium
904 2106 1006 2188 llycza
1024 2106 1144 2167 dictum
1162 2126 1272 2169 versus
1289 2120 1411 2189 partem
1429 2107 1536 2168 otien-

267 2215 376 2293 talem,
400 2234 417 2275 a
442 2227 531 2296 parte
554 2232 630 2274 vero
656 2212 860 2273 meridionali
895 2213 976 2274 inter
1008 2212 1157 2273 similiter
1192 2212 1318 2273 vineam
1345 2226 1375 2274 et
1400 2212 1534 2274 domum

269 2319 396 2405 providi
422 2320 481 2380 viri
507 2319 635 2380 Thorne
661 2318 832 2379 Therchak
858 2318 934 2380 dicti
952 2318 1057 2379 incole
1082 2332 1113 2380 et
1138 2318 1360 2381 inhabitatoris
1385 2319 1534 2380 territorii

267 2426 403 2489 civitatis
429 2425 561 2506 prefate,
588 2425 640 2486 ubi
667 2425 768 2487 eciam
793 2425 913 2486 mediat
945 2427 984 2486 ab
1010 2427 1077 2508 ipsa
1102 2439 1192 2507 parte
1226 2425 1420 2486 occidentali
1446 2426 1534 2486 simi·

269 2533 341 2594 liter
364 2531 529 2614 quoddam
556 2530 721 2608 fossatum,
749 2529 864 2591 dehinc
889 2528 969 2593 infra
998 2531 1117 2593 directe
1143 2532 1173 2592 in
1200 2531 1356 2612 quasdam
1382 2531 1462 2591 duas
1486 2551 1535 2592 ar·

270 2641 365 2701 bores
388 2639 477 2721 pomi
511 2652 541 2699 et
574 2638 688 2716 cerusi,
725 2636 843 2699 deinde
875 2638 1021 2718 pervenit
1054 2640 1084 2698 in
1118 2637 1251 2699 fluvium
1286 2638 1388 2720 llycza
1414 2638 1535 2698 dictum

271 2764 380 2806 versus
413 2744 530 2805 dictam
567 2758 690 2825 partem
726 2742 936 2822 orientalem,
968 2743 1109 2806 habitam
1143 2756 1173 2804 et
1203 2744 1403 2820 existentem,
1436 2742 1533 2804 simul

270 2871 343 2914 cum
367 2851 519 2913 omuibus
544 2850 688 2912 eiusdem
713 2850 806 2911 vinee
830 2849 1033 2927 utilitatibus,
1066 2849 1200 2930 juribus,
1224 2851 1345 2928 usibus,
1372 2849 1534 2929 integrita-

270 2960 355 3020 tibus
386 2971 417 3020 et
448 2957 653 3038 pertinenciis
686 2955 843 3017 universis
874 2956 1012 3037 provido
1052 2957 1121 3017 viro
1155 2956 1294 3018 Martino
1328 2954 1537 3038 Dedkowych

272 3077 458 3144 nuncupato
483 3083 540 3146 pro
574 3061 643 3125 flor.
676 3082 742 3123 uno
774 3075 805 3124 et
836 3061 948 3122 solidis
979 3063 1214 3144 quinquaginta
1246 3077 1277 3124 et
1309 3083 1364 3145 per
1397 3062 1536 3123 eundem

272 3170 446 3231 Martinam
472 3169 566 3230 nobis
590 3189 645 3230 seu
678 3168 901 3230 communitati
935 3183 1041 3231 nostre
1075 3170 1169 3251 plene
1203 3169 1285 3230 datis
1310 3183 1340 3230 et
1365 3167 1536 3251 persolutis

272 3276 477 3337 vendidimus
502 3290 532 3336 et
557 3275 776 3356 inscripsimus
801 3275 868 3354 jure
885 3290 1060 3358 perpetuo;
1086 3279 1135 3337 cui
1156 3277 1228 3338 data
1254 3290 1300 3339 est
1324 3276 1415 3338 litera
1440 3275 1537 3357 privi-

274 3382 409 3463 legialis.
435 3382 551 3442 Datum
572 3382 603 3442 in
623 3380 765 3463 profesto
783 3380 1020 3463 Concepcionis
1045 3384 1137 3443 beate
1156 3383 1255 3444 Marie
1272 3382 1415 3462 virginis.
1440 3387 1536 3443 Auno

274 3488 405 3550 Domini
431 3487 606 3549 millesimo
630 3488 891 3569 quingentesimo
921 3488 1047 3550 decimo
1071 3489 1219 3571 septimo.
