3428 5256
221 329 284 389 254
363 305 366 313 Δ
767 312 915 378 Rationes.

325 521 402 584 Item
429 523 550 584 Iacobo
576 521 746 606 Glawycza
766 571 773 586 .
790 571 820 586 ..
844 523 903 584 sol.
928 522 962 585 1⁰.

324 628 402 692 Item
429 629 592 711 Stephano
622 628 721 690 Saffar
738 676 746 692 .
764 677 795 692 ..
821 629 880 691 soI.
906 628 941 692 I0.

325 736 454 798 Matheo
479 736 673 798 curiductori
692 785 699 799 .
716 785 722 798 .
742 784 750 798 .
774 736 832 798 sol.
857 737 891 798 L.

325 841 403 904 Item
429 840 507 904 feria
539 843 635 904 tercia
668 857 739 923 post
772 842 968 908 dominicam
1004 840 1116 902 Letare
1149 841 1300 922 magistro
1326 841 1425 902 Petro
1453 842 1501 904 de

220 947 395 1009 Gwdowcz
420 948 459 1009 ad
485 948 648 1009 saliarium
675 968 768 1009 suum
793 948 942 1009 dedi...
968 948 1026 1009 sol.
1050 947 1164 1011 XXV‘.

325 1053 404 1116 Item
428 1053 507 1115 feria
531 1067 618 1116 sexte
643 1053 781 1116 Chasme
807 1055 871 1116 emi
896 1055 1061 1136 piper...
1087 1053 1145 1114 sol.
1173 1052 1208 1114 II.

328 1161 407 1223 Item
432 1161 548 1223 eodem
565 1161 617 1223 die
647 1182 685 1222 ex
713 1162 923 1244 permissione
951 1162 1086 1239 domiui,
1104 1161 1143 1222 de
1168 1181 1254 1222 ca·ra
1278 1162 1347 1243 (sic)
1372 1165 1494 1246 accepi

220 1287 278 1350 pro
301 1289 384 1332 se...
409 1268 466 1331 soI.
490 1265 582 1345 XII0.,
607 1288 672 1350 quo
697 1269 849 1330 dominus
873 1269 961 1330 dedit
986 1269 1074 1329 mth.

326 1374 439 1455 Papira
463 1375 526 1435 emi
545 1423 551 1437 .
568 1423 598 1436 ..
622 1375 679 1438 sol.
703 1371 772 1437 IIII.

326 1478 406 1543 Item
439 1482 587 1542 miseram
621 1481 801 1542 Iohannem
839 1480 937 1541 Zelna
969 1500 1072 1562 usque
1104 1480 1401 1560 Pechwaradinum,
1436 1484 1492 1544 cui

221 1607 279 1670 pro
304 1588 451 1669 expensis
475 1587 627 1651 dedi...
652 1589 710 1649 sol.
737 1588 863 1649 LXXX.

325 1691 406 1757 Item
432 1695 563 1777 quando
589 1694 725 1756 Michael
751 1675 970 1776 Thothenyky
988 1691 1047 1754 fuit
1072 1714 1217 1755 reversus
1241 1716 1257 1756 a
1283 1694 1430 1772 domino,
1456 1709 1491 1758 et

222 1801 335 1861 iterum
354 1800 462 1861 remisi
473 1820 545 1861 eum
561 1815 633 1882 post
646 1800 827 1877 dominum,
841 1799 915 1860 dedi
929 1798 1034 1860 eidem
1050 1818 1107 1879 pro
1133 1799 1279 1880 expensis
1292 1849 1298 1861 .
1310 1849 1315 1860 .
1326 1849 1333 1862 .
1346 1800 1404 1861 sol.
1415 1801 1491 1864 XX.

327 1902 407 1968 Item
425 1906 572 1967 miseram
594 1906 734 1967 Biasium
753 1907 876 1967 Rosecz
893 1905 932 1965 ad
951 1905 1028 1965 Jane
1046 1918 1077 1965 et
1094 1924 1152 1985 pro
1170 1906 1316 1986 expensis
1334 1904 1407 1965 dedi
1428 1954 1435 1967 .
1454 1953 1461 1967 .
1480 1950 1488 1969 .

221 2012 278 2075 sol.
310 2009 379 2075 XII.

326 2116 406 2181 Item
431 2118 509 2181 feria
526 2120 666 2180 secunda
690 2133 761 2198 post
779 2118 975 2179 dominicam
998 2118 1110 2179 Judica
1128 2138 1185 2200 pro
1204 2119 1324 2200 Polyak
1343 2116 1486 2180 Chasme

221 2224 368 2289 dedi...
391 2225 449 2288 sol.
473 2223 522 2288 110.

328 2331 421 2393 Petro
447 2332 582 2416 Zmolyk
600 2380 607 2394 .
625 2379 654 2394 ..
678 2331 736 2392 sol.
758 2331 826 2392 XX.

326 2436 405 2501 Item
432 2437 546 2499 eodem
572 2438 624 2499 die
656 2437 830 2498 Benedicto
863 2437 974 2496 curiali
1009 2437 1048 2498 de
1081 2433 1230 2519 Iwanych
1263 2436 1301 2497 ad
1327 2436 1428 2518 pisces
1454 2454 1486 2500 et

223 2545 332 2607 oleum
357 2563 415 2626 pro
440 2544 526 2605 curia
551 2543 699 2606 dedi...
722 2543 780 2604 sol.
804 2539 839 2605 It.

327 2649 408 2714 Item
426 2651 540 2712 eodem
558 2651 610 2710 die
630 2650 803 2710 Benedicto
821 2651 994 2711 castellano
1016 2650 1055 2710 de
1074 2649 1190 2711 Garich
1209 2698 1215 2711 .
1231 2697 1238 2711 .
1255 2699 1261 2712 .
1279 2650 1336 2712 sol.
1364 2647 1482 2714 X⁰IIII.

326 2758 403 2819 Item
429 2755 506 2818 feria
538 2772 649 2838 quarta
681 2771 754 2817 ante
787 2757 982 2817 dominicam
1014 2757 1306 2838 Ramispalmarum
1332 2758 1483 2818 miseram

223 2887 277 2949 per
303 2865 479 2945 Georgium
504 2863 700 2945 Wagowyth
734 2864 773 2923 ad
809 2864 1052 2945 Rakospurgam
1086 2864 1187 2944 pisces
1211 2864 1346 2924 domino
1371 2876 1401 2923 et
1426 2882 1485 2944 pro

222 2973 368 3052 expensis
392 2971 465 3031 dedi
491 2971 669 3033 eidem...
693 2970 751 3032 sol.
776 2970 841 3033 LX.

326 3078 403 3138 Item
428 3097 444 3137 a
470 3076 551 3137 festo
576 3077 674 3137 sancti
701 3077 875 3152 AmbrosiI,
901 3077 977 3137 dum
1003 3076 1154 3137 dominus
1178 3096 1355 3158 processus,
1380 3095 1484 3157 usque

223 3184 335 3246 feriam
353 3199 498 3264 quartam
514 3198 586 3243 ante
602 3183 796 3260 parmarum,
813 3183 851 3243 ad
872 3183 990 3243 curiam
1009 3183 1229 3244 chasmensem
1252 3183 1313 3243 erni
1332 3183 1486 3264 pisces...

223 3292 280 3352 sol.
302 3291 340 3353 X.

327 3397 404 3458 Item
430 3396 593 3478 Stephano
618 3396 826 3457 baccalaureo
851 3395 994 3474 scriptori
1022 3413 1094 3454 meo
1119 3394 1270 3458 dedi...
1296 3395 1354 3456 sol.
1380 3395 1415 3459 I‘.

330 3504 405 3566 Item
433 3504 548 3564 codem
574 3503 625 3563 die
651 3503 752 3584 pisces
775 3501 893 3576 Zawii‚
927 3520 1008 3581 quos
1033 3501 1071 3559 ad
1099 3501 1227 3581 Redege
1253 3503 1322 3562 misi
1350 3501 1485 3564 domino

224 3612 363 3673 emi...
389 3610 446 3672 sol.
474 3611 520 3672 110.

329 3716 405 3776 Item
432 3736 528 3776 unam
555 3718 731 3791 barbatam,
756 3733 853 3795 quarn
886 3713 1031 3773 similiter
1066 3714 1135 3773 misi
1166 3713 1300 3774 domino
1325 3715 1387 3775 emi
1414 3762 1421 3776 .
1445 3763 1453 3777 .
1478 3763 1485 3776 .

223 3823 281 3885 soI.
304 3822 430 3885 XXIIII.

330 3929 407 3989 Item
446 3927 523 3988 feria
560 3929 670 4008 quinta
707 3929 769 3988 emi
807 3928 908 4009 pisces
941 3929 979 3987 ad
1013 3928 1132 3988 curiam
1167 3926 1385 3986 chasmcnsem
1412 3975 1418 3989 .
1445 3975 1486 3989 ..

224 4036 282 4097 sol.
309 4035 388 4097 VIII.

332 4142 459 4201 Libram
486 4141 585 4221 papiri
612 4141 674 4200 emi
693 4187 700 4202 .
718 4187 749 4202 ..
774 4141 833 4203 sol.
860 4141 938 4203 VIII.

331 4247 406 4308 Item
434 4247 546 4307 codem
572 4246 623 4306 die
648 4246 687 4306 ad
713 4248 864 4329 exequias
890 4247 960 4308 Roh
991 4249 1119 4324 mortui,
1144 4248 1294 4312 dedi...
1319 4247 1377 4311 sol.
1404 4247 1438 4320 1..

332 4353 407 4413 Item
436 4353 528 4411 Petro
554 4351 740 4413 fenestrario
765 4353 838 4414 dedi
874 4353 913 4413 ad
938 4353 1070 4413 servicia
1095 4373 1149 4412 suu
1170 4402 1175 4414 .
1194 4399 1225 4414 ..
1251 4353 1309 4414 sol.
1336 4352 1382 4415 11⁰.

332 4458 407 4518 Item
435 4457 510 4518 feria
536 4473 622 4517 sexta
648 4458 718 4518 misi
749 4459 937 4539 Zagrabiam
972 4459 1139 4519 Balthazar
1171 4459 1345 4519 castellano
1370 4459 1408 4518 ad
1435 4478 1485 4518 cx-

225 4585 338 4646 pensas
362 4584 417 4646 per
442 4565 578 4625 Pekzam
598 4611 606 4625 .
624 4613 656 4627 ..
683 4564 741 4627 sol.
768 4564 829 4627 III‘.

331 4669 407 4732 Item
433 4668 511 4731 feria
536 4671 676 4732 secunda
701 4684 773 4753 poet
801 4671 996 4732 dominicam
1032 4672 1212 4732 parmarum
1239 4672 1310 4733 date
1334 4686 1408 4733 sunt
1432 4692 1485 4754 pe·

226 4777 319 4838 cuuie
344 4775 552 4858 infrascriptis
577 4777 607 4838 in
634 4775 810 4841 Gemlecb:

331 4882 409 4945 Item
433 4882 599 4966 Stephano
621 4882 786 4966 sagittario
802 4928 810 4947 .
826 4928 860 4946 ..
883 4881 943 4946 eol.
961 4882 996 4945 L.
