3420 5250
753 349 839 406 Auno
862 343 954 423 1506.
1446 337 1488 430 87

223 577 338 640 sponse
363 559 514 621 videlicet
539 559 637 640 ipsius
655 577 713 639 pro
735 557 908 619 duodecim
926 557 995 620 flor.
1020 559 1088 619 suri
1105 558 1303 620 vendidisset
1326 573 1356 619 et
1372 572 1486 621 contu·

223 665 310 726 lisset
335 664 403 745 jure
428 679 585 747 perpetuo
609 664 858 747 possidendam
890 664 941 726 cui
974 665 1046 725 dats
1073 679 1120 726 est
1151 664 1242 725 litera
1266 664 1486 746 privilegialis.
1592 699 1600 714 x

222 770 340 834 Datum
364 771 416 833 die
441 771 606 833 dominico
631 772 663 832 in
688 769 830 852 profesto
860 769 1101 832 Purificacionis
1126 770 1237 833 Maris.

328 877 426 951 Quod
451 878 527 958 quia
568 897 627 939 nos
659 877 875 938 communitas
906 877 1189 959 Montisgrecensis
1220 877 1314 938 certis
1344 876 1486 938 raciona-

223 985 341 1045 bilibus
366 983 405 1046 de
430 985 543 1062 causis,
569 985 723 1066 quasdam
757 983 836 1045 duas
868 984 1039 1065 particulas
1070 983 1213 1045 vineales
1237 983 1370 1045 ecclesie
1395 984 1487 1046 beate

220 1090 361 1172 Virginis
385 1089 552 1171 hospitalis
576 1090 718 1172 predicte
740 1090 991 1168 communitatis,
1018 1091 1047 1151 in
1065 1090 1227 1151 territorio
1245 1104 1385 1171 pretacte
1410 1090 1486 1151 civi·

219 1197 303 1274 tatis,
328 1195 489 1258 mediante
515 1196 564 1257 via
590 1197 754 1277 communi
781 1197 863 1257 inter
893 1196 1054 1277 predictas
1085 1196 1227 1257 vineales
1259 1195 1432 1277 particulas
1457 1210 1487 1257 et

221 1304 305 1366 inter
341 1304 451 1364 vineas
487 1301 647 1385 magnifici
684 1302 808 1364 domini
841 1303 978 1364 Emerici
1011 1302 1192 1381 Therelr,a
1226 1301 1431 1364 meridionali
1456 1316 1487 1363 et

222 1409 414 1472 occidentali
452 1423 482 1471 et
514 1430 532 1471 a
564 1410 816 1491 septemtrionali
848 1424 955 1492 parte,
988 1425 1018 1471 et
1053 1411 1092 1470 ab
1125 1409 1272 1471 orientali
1306 1423 1393 1490 parte
1426 1409 1486 1470 Mi·

221 1516 342 1577 chaelis
373 1516 489 1578 literati
522 1511 696 1578 mediantel
717 1517 857 1598 quadam
890 1517 1020 1598 antiqua
1053 1516 1104 1578 via
1137 1517 1176 1578 ab
1202 1516 1269 1597 ipsa
1293 1515 1485 1577 occidentali

221 1636 320 1704 parte,
345 1637 376 1684 et
399 1626 439 1683 ab
463 1623 612 1685 orientali
638 1637 726 1703 parte
751 1642 851 1705 usque
880 1623 997 1685 vallem
1032 1642 1087 1683 seu
1112 1622 1282 1684 decursum
1307 1641 1389 1704 aque
1414 1623 1484 1704 plu·

185 1767 187 1772 ,
221 1729 323 1807 vialis,
348 1750 365 1791 a
391 1729 595 1791 meridionali
620 1750 696 1791 vero
728 1730 832 1811 plagis
864 1750 962 1812 penes
994 1730 1121 1791 vineam
1157 1728 1312 1791 heredum
1337 1748 1393 1791 seu
1417 1748 1487 1791 suc-

220 1856 381 1898 cessotum
407 1836 544 1897 condam
570 1835 726 1897 iohannis
760 1835 861 1913 Hans,
894 1836 973 1897 olim
998 1836 1133 1897 senioris
1164 1835 1258 1916 jurati
1291 1849 1322 1897 et
1345 1835 1487 1896 concivis

220 1943 331 2020 nostri,
355 1943 440 2019 sitas,
467 1941 591 2003 habitas
615 1957 646 2002 et
670 1942 850 2019 existentes,
874 1942 971 2003 simul
996 1962 1069 2003 cum
1095 1942 1248 2004 omnibus
1272 1961 1382 2003 earum
1408 1942 1484 2003 dua·

222 2068 291 2110 rum
325 2048 552 2130 particularum
586 2047 760 2109 vinealium
796 2047 987 2109 utilitatibus
1022 2063 1053 2108 et
1091 2048 1297 2130 pertinenciis
1330 2048 1487 2109 universis

220 2156 324 2217 nobili
349 2156 489 2217 lohanni
519 2155 651 2235 Posegaj
684 2154 809 2216 concivi
842 2169 952 2216 nostro
984 2175 1020 2216 ac
1045 2154 1225 2216 conthorali
1258 2154 1402 2216 eiusdem
1427 2174 1485 2237 pro

220 2261 331 2323 decem
358 2277 388 2322 et
412 2276 534 2344 septem
560 2261 628 2322 flor.
654 2262 722 2322 auri
750 2262 790 2321 ab
808 2260 923 2322 eodem
941 2261 1036 2343 plene
1060 2260 1173 2322 levatis
1198 2259 1343 2322 vendidit
1366 2275 1397 2321 et
1420 2273 1482 2322 tra·

220 2367 303 2429 didit
326 2368 394 2449 jure
419 2382 575 2449 perpetuo
600 2366 821 2449 possidendas,
844 2366 904 2428 hoc
933 2381 1040 2428 tamen
1066 2386 1226 2448 expresso,
1252 2366 1390 2448 qualiter
1413 2386 1485 2449 pre·

220 2473 282 2535 lata
308 2475 523 2536 communitas
548 2475 676 2535 racione
701 2474 917 2555 predictarum
943 2475 1108 2535 vinearum
1134 2474 1193 2555 ipsi
1219 2473 1352 2534 ecclesie
1377 2474 1485 2556 hospt-

220 2581 292 2642 talis
309 2582 459 2642 meliores
483 2582 593 2642 vineas
610 2582 848 2662 augmentabit3
866 2580 938 2643 data
957 2595 1002 2642 est
1019 2581 1110 2643 litera
1127 2580 1347 2663 privilegialis.
1366 2579 1483 2641 Datum

220 2686 271 2747 die
295 2687 461 2749 dominico
486 2688 517 2748 in
542 2686 685 2769 profesto
712 2685 951 2749 Purificacionis
982 2688 1073 2749 beate
1098 2687 1198 2749 Marie
1223 2685 1366 2766 virginis.
