3428 5256
229 336 266 395 ¹4
755 317 842 373 Anno
863 324 956 393 1473.

224 424 675 431 ——....--—-----.—.——
899 420 1207 429 .--——-—-—--

222 529 403 610 contigerit,
428 529 516 610 quod
541 543 617 590 tunc
646 529 714 610 ipsa
747 528 864 589 domus
897 540 928 590 et
958 526 1077 588 lundus
1101 525 1134 587 in
1164 524 1300 587 eandem
1325 528 1493 605 agnetem

222 635 390 697 mulierem
415 650 446 697 et
469 654 544 696 suos
570 634 702 696 heredes
727 634 941 696 condescendi
975 632 1107 709 debeat;
1135 630 1196 693 hoc
1220 632 1322 693 eciam
1347 631 1494 711 adiecto,

222 743 310 824 quod
343 761 425 803 unus
457 743 579 822 absque
610 741 741 802 alterius
772 740 937 802 voluntate
970 740 1072 821 ipsam
1104 738 1237 799 domum
1270 750 1302 800 et
1324 751 1428 799 terras
1453 758 1493 799 ac

222 850 299 910 alias
323 848 540 931 possessiones
565 861 595 909 et
618 848 703 907 bona
728 847 759 907 in
777 847 938 908 territorio
956 845 1039 907 dicte
1063 844 1200 907 civitatis
1224 842 1348 905 habitas
1371 856 1404 905 et
1420 844 1492 905 exi-

221 955 341 1015 stencia
366 955 534 1035 nullipiam
569 953 738 1015 hominum
771 953 826 1013 sed
859 954 955 1013 ambo
987 950 1081 1013 simul
1114 949 1253 1013 vendere
1279 962 1432 1031 poterunt
1458 964 1492 1013 et

222 1062 393 1135 valebunt;
418 1061 469 1120 cui
494 1060 566 1120 data
592 1074 639 1121 est
663 1060 754 1123 litera
781 1072 886 1119 nostre
911 1057 1152 1119 communitatis
1175 1055 1393 1139 privilegialis.

328 1167 426 1239 Quod
452 1167 527 1247 quia
553 1167 721 1247 religiosus
756 1186 792 1226 ac
816 1165 877 1226 deo
914 1165 1049 1225 devotus
1077 1164 1135 1241 vir,
1169 1162 1263 1224 irater
1297 1162 1491 1241 Ewstacius,

224 1293 309 1334 sacre
335 1273 519 1354 Theologie
545 1274 654 1351 lector,
680 1273 768 1355 prior
792 1271 919 1334 claustri
944 1272 1027 1332 beati
1049 1270 1174 1331 Nicolai
1200 1266 1402 1347 confessoris,
1427 1268 1490 1329 Za-

222 1380 332 1459 grabie
358 1377 494 1455 fundati,
519 1378 642 1440 ordinis
667 1378 919 1454 l‘redicatorum,
944 1378 975 1437 in
1008 1396 1064 1438 sua
1089 1396 1125 1438 ac
1149 1376 1297 1439 omnium
1321 1388 1351 1436 et
1374 1374 1490 1457 singu-

223 1485 328 1545 lorum
354 1484 486 1546 fratrum
512 1485 614 1546 tocius
640 1500 817 1546 conventus
851 1483 995 1545 eiusdem
1026 1482 1155 1545 claustri
1188 1482 1374 1543 nominibus
1397 1494 1429 1543 et
1454 1480 1488 1543 in

223 1592 369 1672 personis
394 1590 558 1652 confessus
583 1607 628 1652 est
654 1592 684 1652 in
718 1591 804 1652 hunc
837 1590 992 1652 modum:
1025 1589 1123 1663 Quod
1156 1590 1230 1671 quia
1255 1589 1322 1671 ipse
1346 1588 1491 1670 pensatis

224 1699 370 1758 maximis
396 1698 495 1758 ruinis
519 1712 549 1759 et
581 1698 841 1758 desolacionibus
873 1696 972 1777 ipsius
1005 1696 1137 1758 ecclesie
1169 1695 1269 1757 sancti
1302 1693 1429 1755 Nicolai
1455 1708 1489 1755 et

222 1804 290 1864 eius
306 1804 444 1878 cenobii,
462 1803 637 1883 volensque
656 1803 820 1864 iamdictus
844 1803 951 1863 ruinas
967 1816 1088 1882 quanto
1106 1801 1221 1863 melius
1244 1814 1275 1863 et
1299 1798 1483 1861 lervencius

223 1924 253 1970 et
269 1910 422 1971 solercius
442 1909 525 1969 iusta
544 1928 636 1969 suum
657 1928 748 1988 posse
774 1908 914 1969 relevare
940 1923 970 1969 et
1009 1906 1181 1969 reformare
1206 1926 1278 1968 cum
1303 1906 1440 1988 provido
1455 1920 1490 1969 et

224 2016 359 2077 honesto
375 2017 441 2076 viro
460 2015 605 2076 loltarrne
631 2014 1102 2095 cingulatorc,gurthlerdicto,
1112 2010 1236 2096 prelato
1246 2012 1349 2093 jurato
1373 2027 1487 2075 nostro

224 2138 253 2183 et
264 2123 407 2197 concive,
421 2122 475 2201 qui
487 2122 596 2202 vigore
607 2122 740 2181 aliarum
760 2136 938 2180 nostrarum
958 2120 1207 2201 privilegialium
1217 2118 1389 2201 superinde
1407 2138 1485 2181 con·

224 2227 377 2289 lectarum
415 2228 519 2287 eidem
545 2228 682 2287 claustro
707 2247 762 2287 seu
788 2227 924 2287 cenobio
949 2227 1046 2287 sancti
1072 2226 1198 2287 Nicolai
1223 2226 1314 2287 annis
1337 2224 1487 2307 singulis,

224 2334 449 2415 perpetuisque
471 2332 585 2393 suturis
602 2334 802 2411 temporibus
820 2352 918 2392 unum
934 2332 1003 2395 flor.
1028 2332 1096 2393 auri
1128 2352 1166 2393 ex
1182 2345 1272 2414 parte
1296 2331 1413 2393 domus
1429 2351 1488 2393 sue

224 2453 346 2502 mutate
372 2454 401 2500 et
427 2438 516 2499 fundi
542 2459 577 2499 ac
603 2438 709 2498 celarii
735 2439 932 2498 subterranei
962 2452 992 2499 et
1017 2438 1251 2517 hedifieiorum,
1274 2439 1484 2519 stacioneque

223 2560 252 2607 et
267 2547 400 2607 cisterne
413 2544 559 2604 similiter
573 2544 704 2604 muratis
719 2545 749 2605 in
768 2544 850 2605 dicta
875 2544 1001 2605 civitate
1023 2546 1231 2605 existentibus
1255 2544 1331 2606 dare
1354 2557 1384 2605 et
1409 2564 1485 2625 per·

223 2652 347 2713 solvere
372 2652 586 2731 obligabatur,
611 2650 650 2710 ad
676 2651 771 2712 talem
798 2666 827 2711 et
852 2650 1054 2711 talismodam
1090 2651 1271 2713 devenisset
1295 2670 1406 2733 ymmo
1430 2650 1487 2713 de-

224 2758 310 2817 vertit
323 2772 475 2838 perpetue
491 2756 662 2816 concordie
680 2757 832 2816 unionem
847 2776 853 2815 :
871 2757 956 2836 quod
972 2770 1143 2817 annotatus
1154 2756 1316 2817 lohannes
1331 2754 1487 2837 gurthler,

224 2865 388 2945 ipsiusque
422 2862 554 2923 heredes
587 2862 697 2942 viginti
731 2862 798 2927 ssor.
829 2863 896 2922 auri
930 2863 968 2923 ad
1003 2863 1252 2943 reparacionem,
1277 2862 1487 2924 restauracio-

223 2989 361 3049 nemque
388 2983 418 3029 et
442 2969 724 3050 recuperacionetn
758 2968 832 3027 dicti
865 2968 993 3029 claustri
1024 2968 1119 3030 simul
1153 2984 1183 3029 et
1214 2970 1325 3047 semel,
1357 2968 1486 3031 realiter

224 3092 254 3138 et
279 3096 351 3136 cum
377 3076 490 3137 etl'ectu
517 3076 574 3155 ipsi
610 3074 695 3135 fratri
732 3074 890 3135 Ewstacio
916 3075 990 3135 dare
1023 3074 1153 3135 debebit
1178 3090 1209 3135 et
1232 3076 1291 3136 erit
1314 3075 1488 3155 obligatus,

223 3184 333 3263 sicque
359 3182 530 3263 persolutis
564 3183 639 3263 ipsis
674 3182 785 3261 viginti
819 3181 887 3241 tlor.
922 3182 1008 3255 auri,
1043 3181 1109 3261 ipse
1141 3180 1303 3241 lohannes
1332 3180 1488 3263 gutthler,

224 3290 387 3369 ipsiusque
412 3289 545 3349 heredes
569 3304 598 3348 et
623 3308 820 3348 successores
839 3287 990 3362 universi,
1015 3287 1177 3368 ceterique
1197 3288 1295 3369 ipsius
1319 3287 1436 3349 domus
1453 3302 1483 3349 et

224 3394 445 3455 hedificiorttm
472 3395 688 3475 predictorum
715 3414 772 3474 pro
797 3408 941 3473 tempore
963 3413 1161 3474 possessores
1185 3394 1347 3475 perpetuis
1371 3392 1487 3455 luturis

223 3501 423 3581 temporibus
447 3521 463 3558 a
489 3498 610 3581 prelata
635 3500 800 3559 solucione
827 3500 926 3579 ipsius
952 3500 1046 3560 unius
1071 3498 1181 3559 lloreni
1207 3501 1274 3561 auri
1300 3500 1429 3561 annuali
1448 3499 1486 3562 li·

225 3608 302 3681 beri,
327 3606 545 3685 extemptique
571 3624 699 3685 prorsus
732 3620 823 3665 erunt
855 3620 885 3664 et
919 3606 1097 3679 immuttes;
1131 3606 1347 3687 quosquidem
1372 3606 1484 3686 viginti

224 3714 293 3775 llur.
318 3713 385 3772 auri
413 3714 478 3792 ipse
512 3710 674 3771 lohannes
705 3710 848 3787 gurtltler
878 3724 1033 3771 annotato
1067 3710 1152 3771 iratri
1188 3712 1356 3789 Eu'staci0,
1391 3726 1487 3793 prout

225 3819 358 3897 ipsemet
384 3819 476 3877 nobis
501 3816 619 3890 retulit,
644 3817 771 3877 realiter
796 3830 825 3877 et
850 3816 995 3877 effective
1028 3816 1126 3895 dedit,
1155 3818 1308 3899 persolvit
1332 3831 1363 3880 et
1387 3817 1484 3898 assig-

224 3925 322 3999 navit,
348 3924 486 4003 ideoque
501 3924 566 4003 ipse
582 3922 862 3983 l'raterEwstacius
886 3943 944 3983 suo
962 3938 992 3985 et
1017 3942 1155 4003 quorum
1180 3946 1274 4008 supra
1300 3925 1486 3987 nominibus

225 4030 363 4089 eundem
391 4030 569 4089 iohannem
595 4028 738 4107 gurtltler
762 4029 856 4087 simul
885 4049 957 4089 eunt
987 4030 1109 4091 cunctis
1132 4032 1199 4091 suis
1224 4032 1407 4107 heredibus,
1432 4029 1485 4091 he·

225 4136 402 4215 raduntque
428 4156 557 4195 suorum
583 4136 818 4195 successoribus
842 4151 872 4195 et
898 4136 1136 4216 posteritatibus
1166 4138 1323 4198 universis
1347 4138 1486 4219 quittunt

224 4244 361 4303 reddidit
387 4259 416 4302 et
442 4262 497 4323 per
521 4242 629 4301 omnia
656 4241 860 4321 expeditum:
886 4242 1118 4304 nichilominus
1135 4240 1276 4323 prelatus
1293 4240 1390 4305 irater
1417 4244 1487 4303 Eu·-

224 4349 339 4408 stacius
363 4350 512 4427 obligans
536 4366 568 4406 se
593 4366 651 4405 suo
676 4362 705 4406 et
730 4366 867 4425 quorum
901 4367 995 4429 supra
1027 4346 1225 4421 nominibus,
1250 4348 1415 4429 perpetuis
1440 4346 1486 4409 iu-

224 4454 302 4514 turis
326 4454 525 4534 temporibus
550 4454 608 4512 sibi
635 4452 772 4513 iohanni
802 4453 947 4531 gttrthler
980 4453 1145 4535 ipsiusque
1169 4450 1341 4513 heredibus
1364 4468 1395 4515 et
1418 4474 1486 4516 suc·

224 4561 403 4619 cessoribns
428 4560 585 4620 mrirersis
610 4560 692 4620 dicte
717 4560 833 4619 domus
858 4574 888 4621 ct
921 4556 1143 4621 hedifieiorum
1176 4558 1395 4639 predictorum
1419 4575 1486 4624 tett-

223 4666 346 4725 toribus
371 4668 492 4727 nullam
523 4666 702 4727 molestiam
727 4688 784 4729 seu
802 4668 1031 4751 repeticionem
1050 4666 1179 4729 racione
1195 4664 1373 4729 solucionis
1389 4670 1488 4751 ipsius

225 4772 320 4833 unius
333 4772 401 4835 lior.
419 4773 486 4833 auri
505 4774 664 4834 censualis
680 4774 904 4855 quovismodo
918 4772 1064 4835 illaturos
1075 4772 1333 4855 etexpetituros3
1345 4774 1488 4837 adiciens
