3428 5256
226 328 285 391 180
774 328 961 389 Inventaria.

328 540 404 602 ltcm
430 560 512 602 unua
536 559 671 620 magnus
703 540 785 600 calix
817 540 909 602 datus
942 561 997 623 per
1032 540 1195 602 Thomam
1230 541 1382 603 Brumeni
1410 541 1503 604 alias

222 646 387 709 custodem
413 646 645 723 chasmensem,
670 665 755 706 nunc
780 665 856 706 vero
874 647 1071 728 prepositum
1092 635 1306 725 bachienscm,
1331 666 1406 707 cum
1437 667 1501 730 pa·

220 767 305 831 tena,
330 752 450 814 habens
474 752 580 813 literas
612 767 642 812 et
674 770 795 813 nomen
829 752 929 834 ipsius
961 752 1091 814 Thome
1117 753 1269 814 Brumeni
1295 752 1431 834 scriptas
1459 755 1498 816 in

221 873 309 942 parte
333 857 476 920 inferiori
516 858 607 940 pedis
648 858 680 919 iu
713 860 752 919 ab
786 859 878 936 intra,
913 858 1034 920 habens
1067 859 1219 940 ponderis
1250 872 1388 941 quatuor
1417 880 1499 922 cum

223 964 328 1027 media
353 959 475 1026 marcas
500 978 530 1025 et
555 963 706 1025 undecim
731 963 887 1046 nehezyk.

328 1069 407 1133 ltem
432 1091 515 1132 unus
539 1049 734 1133 alius'calix
766 1071 804 1131 de
837 1085 981 1151 argento,
1014 1070 1195 1150 deauratus,
1228 1091 1300 1134 cum
1329 1072 1432 1134 literis
1459 1074 1497 1135 in

223 1192 310 1259 parte
335 1178 491 1260 superiori
516 1177 677 1257 signatus:
702 1175 761 1237 lste
786 1177 867 1238 calix
892 1191 938 1239 est
961 1177 1061 1238 sancti
1090 1178 1173 1258 regis
1198 1177 1375 1260 Stephani3
1401 1191 1435 1240 et
1461 1179 1498 1241 in

222 1284 303 1365 pede
328 1283 491 1344 florizatus
516 1302 588 1344 cum
613 1297 745 1362 argento
771 1302 835 1343 non
862 1282 1027 1344 deaurato.

329 1389 407 1450 Item
433 1389 514 1449 alius
538 1387 619 1449 calix
644 1387 683 1448 de
708 1403 853 1468 argento,
881 1388 1062 1466 deauratus,
1096 1388 1217 1450 habens
1242 1390 1273 1450 in
1298 1389 1408 1450 medio
1435 1410 1495 1452 sex

224 1495 328 1556 nodos
352 1513 425 1556 cum
450 1494 576 1555 smaldo
609 1508 639 1554 et
672 1493 782 1574 figuris
814 1513 970 1572 rosarum,
1002 1494 1145 1575 signatus
1177 1495 1208 1556 in
1235 1495 1315 1577 pede
1339 1496 1379 1556 ab
1406 1495 1495 1558 intra

224 1620 296 1662 cum
322 1601 431 1662 litera:
458 1601 496 1661 L.

330 1706 406 1769 ltem
433 1705 514 1767 calix
539 1725 623 1766 unus
648 1705 794 1766 similiter
820 1704 859 1765 de
884 1718 1028 1786 argente,
1057 1705 1239 1785 deauratus,
1263 1726 1335 1767 curn
1361 1721 1495 1789 patena,

225 1812 367 1892 signatus
391 1812 449 1872 sub
475 1811 556 1892 pede
581 1830 654 1872 cum
681 1811 794 1874 litera:
822 1811 854 1872 S.

331 1918 407 1979 Item
433 1937 516 1979 unus
534 1918 615 1979 calix
633 1937 769 1998 magnus
793 1917 833 1978 de
850 1931 995 1998 argento,
1013 1917 1195 1997 deauratus,
1212 1918 1333 1980 habens
1351 1919 1382 1980 in
1400 1922 1495 1983 nodo

224 2025 284 2085 tria
309 2025 455 2085 clenodia
474 2023 612 2085 condam
631 2023 798 2085 reverendi
816 2024 940 2085 domini
958 2024 1114 2086 iohannis
1131 2024 1226 2086 huius
1250 2027 1334 2087 alme
1357 2027 1496 2090 ecclesie

225 2131 366 2212 episcopi
392 2145 422 2193 et
446 2144 508 2192 tres
533 2131 640 2191 literas
663 2130 837 2212 alphabeti,
870 2130 1038 2194 videlicet:
1070 2132 1108 2193 N.
1142 2132 1180 2195 R.
1206 2132 1239 2210 l.,
1264 2146 1296 2194 et
1319 2134 1378 2193 sub
1403 2135 1491 2214 pede

226 2236 368 2297 eiusdem
396 2256 496 2297 unum
522 2236 657 2317 capitale
681 2237 720 2314 J.,
744 2235 868 2317 legatus
893 2256 949 2318 per
973 2236 1125 2298 eundem.

332 2342 408 2404 ltcm
434 2363 517 2404 unus
541 2343 621 2404 alter
646 2342 727 2403 calix
751 2361 824 2404 cum
857 2362 972 2423 magna
1001 2356 1117 2425 patena
1149 2343 1188 2404 de
1220 2358 1364 2425 argento,
1389 2344 1490 2407 deau-

227 2461 322 2525 ratus,
347 2448 468 2509 habens
493 2449 523 2509 in
550 2447 637 2509 nodo
661 2468 714 2509 ser
738 2447 880 2509 smaldos
909 2463 939 2509 et
954 2468 1049 2530 supra
1067 2448 1189 2510 nodum
1216 2450 1246 2510 in
1272 2450 1494 2515 thewtonico:

227 2550 350 2616 Coun
370 2552 534 2632 hvnltu,
547 2568 577 2616 et
591 2553 671 2615 infra
686 2554 826 2617 nodum:
845 2554 1002 2631 MARIA3
1020 2555 1112 2616 datus
1128 2575 1183 2637 per
1201 2556 1369 2618 dominum
1385 2558 1490 2618 Math-

226 2661 344 2720 konem
362 2661 481 2721 banum
500 2674 570 2732 ete,
587 2662 646 2721 sub
660 2659 741 2741 pede
758 2660 900 2740 signatus
914 2680 986 2721 cum
1000 2661 1090 2722 litera
1105 2663 1236 2743 antiqua
1251 2662 1430 2745 alphabeti:
1443 2664 1491 2726 M.

332 2765 410 2827 Item
435 2767 516 2827 ultra
542 2766 702 2847 predictos
727 2766 842 2829 calices
858 2766 963 2828 adhuc
988 2766 1146 2829 habentur
1170 2768 1236 2830 duo
1260 2769 1313 2830 alii
1339 2769 1414 2830 novi
1441 2789 1493 2830 ca-

229 2873 316 2950 lices,
341 2872 386 2932 uti
412 2871 528 2934 dicitur
553 2871 592 2932 de
615 2872 756 2953 antiquis
788 2871 935 2950 laborati,
969 2891 1107 2953 quorum
1141 2893 1223 2935 unus
1255 2894 1367 2936 eorum
1395 2874 1493 2936 habet

226 2979 351 3038 literam
375 2977 556 3059 alphabeti:
582 2978 628 3055 P„
653 2993 683 3039 et
708 2978 806 3041 alius:
832 2977 872 3052 Q.
898 2998 970 3039 cum
995 2998 1087 3039 cruce
1112 2979 1260 3061 simplici.

335 3083 411 3144 ltem
445 3084 499 3144 alii
532 3084 597 3145 duo
630 3084 745 3145 calices
781 3103 853 3145 cum
887 3084 1039 3166 predictis
1070 3085 1208 3163 duobus,
1233 3105 1270 3146 ex
1295 3085 1492 3166 quibusdam

228 3211 282 3252 sex
306 3192 446 3273 antiquis
471 3192 502 3251 in
527 3192 662 3272 antiquo
681 3204 821 3272 regestro
839 3191 998 3254 contentis
1014 3191 1150 3253 laborati
1170 3206 1200 3252 et
1224 3194 1305 3253 bene
1331 3192 1488 3270 deaurati,

230 3310 324 3378 prout
349 3297 380 3356 in
406 3295 520 3357 eodem
546 3309 689 3376 regestro
722 3297 915 3375 continetur,
950 3317 1089 3379 quorum
1127 3317 1225 3359 unum
1259 3298 1354 3360 habet
1386 3298 1487 3359 Reve-

228 3402 437 3465 rendissimus
462 3402 612 3463 dominus
637 3401 808 3464 Oswaldus
833 3404 1002 3485 episcopus
1030 3403 1124 3466 huius
1148 3403 1233 3466 alme
1258 3405 1402 3467 ecclesie.

332 3509 411 3570 ltem
437 3527 520 3569 unus
543 3509 625 3570 alius
650 3509 740 3587 calix,
765 3529 863 3590 quem
897 3529 980 3571 nunc
1015 3509 1133 3571 habent
1157 3511 1360 3592 prebendarii
1397 3511 1488 3572 inva-

228 3616 349 3677 diatum
368 3635 425 3696 pro
443 3614 615 3675 duodecim
641 3614 709 3677 flor.
735 3635 792 3696 pro
817 3630 901 3678 certa
930 3615 1139 3677 absolucione
1164 3616 1196 3675 in
1224 3616 1321 3677 batha
1347 3618 1490 3679 obtenta.

334 3721 412 3782 ltem
440 3721 522 3780 ultra
540 3721 656 3781 calices
673 3721 833 3802 predictos
850 3735 896 3783 est
921 3740 1003 3782 unus
1018 3720 1099 3782 calix
1123 3720 1215 3781 datus
1240 3741 1296 3802 per
1320 3722 1491 3783 dominum

229 3828 383 3888 Jacobum
408 3826 672 3887 archidiaconum
700 3828 913 3907 goricensem,
943 3841 1030 3888 totus
1062 3845 1134 3886 cum
1168 3826 1293 3888 amaldo
1319 3828 1493 3910 dispositus

229 3946 260 3993 et
285 3933 384 3992 eciam
410 3932 449 3992 ab
475 3933 556 3992 intra
580 3952 597 3992 a
622 3946 710 4013 parte
736 3930 879 3994 inferiori
904 3945 935 3994 et
960 3932 992 3992 in
1025 3931 1099 3991 loco
1123 3930 1199 3991 nodi
1225 3946 1309 3992 certe
1334 3933 1492 4013 imagines

232 4052 415 4098 sanctorum
441 4037 479 4098 de
505 4052 636 4118 argento
656 4037 734 4115 fuse,
749 4038 829 4098 inter
853 4057 933 4119 quas
949 4036 1105 4117 imagines
1129 4050 1192 4097 est:
1218 4037 1325 4116 imago
1343 4039 1493 4119 pietatis3

230 4163 303 4204 cum
329 4157 454 4225 patena,
479 4143 632 4225 ponderis
649 4143 793 4224 quinque
812 4161 990 4204 marcarum
1008 4141 1114 4202 minus
1138 4159 1203 4202 uno
1229 4139 1386 4220 lerthone,
1405 4158 1490 4206 certa

231 4250 392 4331 quantitas
417 4250 515 4330 ipsius
542 4249 657 4310 smaldi
682 4264 728 4309 cst
752 4249 922 4332 deplanata
947 4261 977 4309 et
997 4246 1148 4308 dilaniata
1174 4248 1213 4307 ab
1238 4248 1353 4333 eodem
1380 4249 1490 4312 calice.

335 4355 411 4416 Item
437 4356 541 4418 adhuc
564 4357 617 4417 alii
643 4356 708 4417 duo
727 4356 862 4436 calices3
878 4374 934 4436 per
954 4352 1091 4415 condam
1116 4352 1284 4413 dominum
1310 4354 1490 4417 iohannem

230 4461 491 4523 archidiaconum
517 4463 556 4523 de
582 4464 680 4525 Bexin
705 4463 797 4524 datus
821 4463 859 4524 ad
885 4479 973 4523 aram
1006 4460 1097 4522 beate
1124 4459 1223 4521 Marie
1248 4461 1392 4542 virginis,
1418 4481 1490 4524 cum

231 4567 296 4628 suia
321 4567 476 4628 clenodiis
501 4569 532 4629 in
558 4568 638 4650 pede
663 4568 702 4630 de
726 4568 851 4629 amaldo
869 4566 976 4641 lactis3
1000 4563 1079 4625 alter
1095 4582 1172 4624 vero
1195 4583 1252 4647 per
1276 4565 1414 4628 condam
1434 4586 1490 4630 no·

232 4673 329 4735 bilem
356 4674 498 4735 Marcum
532 4674 571 4736 dc
604 4674 725 4737 Chawa
756 4671 977 4756 prebendariis
1005 4669 1116 4749 datus,
1148 4687 1221 4732 cum
1259 4668 1359 4731 literis
1392 4673 1489 4734 Marci

127 4800 134 4811 ’
231 4778 272 4842 dc
296 4778 417 4843 Chawa
441 4779 473 4840 in
497 4780 580 4862 pede
603 4780 757 4863 signatus.
