3428 5256
222 313 286 375 274
766 293 913 351 Rationes.

327 503 404 566 Item
430 502 508 565 feria
532 502 672 565 secunda
696 503 759 565 emi
777 518 808 564 et
824 503 897 564 misi
925 502 965 564 ad
984 501 1083 583 Garig
1108 502 1210 584 pisces
1227 550 1233 564 .
1250 551 1256 563 .
1273 549 1281 564 .
1297 502 1359 565 sol.
1377 500 1504 566 XLVI.

328 611 452 672 Eodem
478 611 530 671 die
554 611 616 671 emi
642 611 681 671 ad
707 609 865 672 GemIech
888 610 1077 692 pisces...
1098 609 1157 672 sol.
1182 606 1357 673 XXXVIII.

328 716 406 780 Item
432 716 509 778 Ieria
535 729 646 797 quarta
663 730 737 779 ante
761 717 981 778 Reminiscere
998 717 1038 778 ab
1063 716 1251 779 hominibus
1273 716 1313 777 de
1338 717 1503 800 Zyscban

222 825 285 886 erni
310 824 487 905 pisces...
512 821 571 885 sol.
598 820 740 885 XXXVI.

329 930 454 991 Eodem
479 929 530 991 die
556 930 618 990 emi
643 929 683 990 ad
702 928 801 1011 Garig
826 943 857 991 et
881 930 951 991 misi
977 930 1150 1012 pisces...
1175 930 1234 994 sol.
1256 929 1324 993 XL.

328 1035 407 1099 Item
433 1033 510 1097 feria
535 1049 621 1097 sexta
654 1050 727 1097 ante
760 1036 958 1098 dominicam
992 1036 1210 1099 Reminiscere
1243 1036 1315 1098 misi
1347 1035 1501 1100 Paulum

224 1144 433 1206 castellanum
459 1144 575 1204 iterum
599 1162 657 1224 pro
683 1142 869 1204 homInibus
902 1144 999 1224 regiis
1031 1144 1332 1225 inquisitorialibus,
1357 1143 1438 1206 dedi
1466 1146 1501 1207 ei

223 1251 261 1311 ad
287 1269 514 1332 expensas...
540 1249 598 1311 sol.
622 1247 752 1311 XXXII.

329 1354 454 1417 Eodem
480 1354 532 1416 die
556 1356 596 1415 ab
628 1353 815 1416 hominibus
847 1355 887 1416 de
922 1353 1068 1437 Zyschan
1101 1355 1164 1415 erni
1190 1355 1292 1437 pisces
1314 1355 1355 1416 ad
1390 1354 1497 1418 Gem-

224 1462 371 1524 lech...
396 1461 455 1523 sol.
483 1461 518 1522 L.

329 1566 408 1629 Item
440 1565 555 1627 eodem
589 1547 690 1627 dica
723 1565 896 1627 Valentino
929 1566 969 1628 de
1001 1567 1139 1648 Zwynar
1170 1567 1234 1628 emi
1267 1566 1380 1648 pisces,
1407 1587 1499 1649 quos

226 1675 298 1735 misi
324 1673 364 1734 ad
391 1672 653 1754 Garig...sol.
679 1673 712 1735 L.

329 1778 407 1842 Item
426 1780 458 1840 in
476 1779 639 1840 domiuica
658 1778 876 1840 Reminiscere
894 1779 967 1840 misi
985 1779 1185 1841 Demetrium
1203 1798 1336 1861 parvum
1355 1780 1496 1843 deem

224 1887 307 1948 circa
331 1887 512 1963 dominum,
537 1885 576 1946 ad
602 1905 755 1967 expensas
779 1886 930 1949 dedi...
956 1886 1015 1948 sol.
1041 1884 1075 1950 1⁰.

332 1993 455 2054 Eodem
481 1992 532 2053 die
557 1991 621 2053 emi
646 1992 758 2074 pisces,
783 2011 922 2073 quorum
939 1991 1146 2054 medietatem
1171 1991 1244 2053 misi
1268 1991 1308 2053 ad
1334 1990 1498 2074 Garig...

225 2100 284 2163 sol.
311 2095 450 2162 LXXIII.

330 2204 409 2268 Item
434 2204 549 2266 eodem
574 2205 626 2265 die
659 2205 730 2266 misi
757 2203 935 2285 Georgium
962 2206 1066 2287 Zykra
1098 2205 1138 2266 ad
1164 2206 1290 2287 Zenyer
1314 2217 1345 2267 et
1370 2205 1409 2266 ad
1438 2227 1494 2269 ex·

226 2332 339 2394 pensas
362 2311 435 2372 dedi
461 2312 489 2372 ei
508 2358 513 2370 .
533 2362 564 2378 ..
588 2311 647 2374 sol.
670 2309 743 2373 XVI

331 2418 402 2479 Misi
419 2436 476 2498 per
493 2415 676 2500 Brodarych
693 2416 732 2477 ad
750 2415 1010 2479 distribuendum
1028 2419 1224 2500 pauperibus
1242 2467 1248 2480 .
1267 2467 1273 2480 .
1292 2469 1298 2480 .
1315 2419 1374 2482 sol.
1389 2415 1495 2485 XXV.

330 2522 408 2585 Item
433 2521 512 2583 feria
536 2522 634 2584 tercia
659 2522 721 2583 emi
747 2536 778 2583 et
803 2523 875 2583 misi
908 2524 949 2584 ad
975 2522 1075 2604 Garig
1100 2523 1277 2606 pisces...
1302 2524 1360 2585 sol.
1388 2525 1423 2588 L.

332 2628 455 2691 Eodem
481 2628 533 2690 die
558 2629 620 2688 emi
645 2627 685 2688 ad
711 2626 866 2689 Gemlech
892 2630 1068 2710 pisces...
1100 2629 1158 2691 sol.
1187 2627 1252 2692 LX.

331 2734 410 2798 Item
435 2736 468 2796 in
493 2734 656 2796 dominica
682 2732 777 2795 Oculi
803 2735 865 2795 emi
892 2736 1064 2815 pisces...
1089 2737 1148 2797 sol.
1174 2736 1253 2802 LVI.

332 2840 409 2903 Item
436 2839 513 2902 feria
538 2853 651 2922 quarta
682 2841 830 2921 sequenti
862 2841 925 2902 emi
960 2843 1063 2923 pisces
1095 2843 1134 2904 ad
1168 2842 1325 2905 GemIech
1345 2892 1350 2904 .
1370 2891 1403 2903 ..
1429 2845 1493 2909 sol.

227 2944 355 3011 XXXII.

336 3051 497 3113 Candelas
520 3072 632 3134 sepeas
656 3053 718 3114 emi
738 3103 744 3115 .
763 3098 792 3116 ..
819 3052 878 3115 sol.
903 3049 943 3114 X.

333 3157 410 3219 Item
436 3159 584 3219 miseram
608 3154 792 3220 Johannem
818 3159 856 3218 de
886 3159 1064 3228 Zalathnolr
1090 3179 1162 3220 cum
1187 3181 1272 3242 equo
1299 3161 1423 3222 Budam
1449 3162 1492 3222 ad

229 3264 397 3325 domiuum
424 3277 453 3324 et
478 3264 516 3324 ad
542 3284 696 3346 expensas
719 3264 795 3325 dedi
820 3264 923 3328 el...
948 3265 1006 3327 sol.
1031 3263 1111 3327 II⁰L.

335 3368 412 3430 Item
439 3369 517 3430 leria
542 3384 653 3450 quarta
668 3384 739 3452 post
756 3369 905 3450 Gregorii
921 3372 991 3431 misi
1009 3371 1049 3431 ad
1065 3370 1164 3453 Garig
1182 3372 1284 3452 pisces
1312 3421 1338 3434 ..
1352 3374 1410 3437 sol.
1426 3369 1486 3436 LV

334 3475 412 3537 Item
438 3474 515 3537 leria
542 3476 653 3556 quinta
678 3475 837 3557 Gregori0
859 3496 977 3557 magno
995 3497 1052 3558 pro
1077 3477 1169 3539 dacio
1188 3476 1257 3538 testi
1282 3499 1305 3541 s.
1325 3478 1493 3541 Michaelis

229 3584 268 3644 de
294 3582 498 3644 Zenthmihal
523 3582 562 3642 ad
587 3585 775 3665 porcionem
801 3584 945 3645 eiusdem
980 3586 1207 3666 provenientes
1231 3585 1306 3646 dedi
1333 3636 1339 3648 .
1367 3635 1373 3647 .
1399 3635 1406 3648 .
1430 3587 1491 3651 sol.

229 3685 340 3753 XXV0.

336 3795 460 3855 Eodem
486 3795 538 3856 die
563 3795 637 3856 dedi
663 3794 801 3856 Iohanni
827 3815 926 3877 parvo
951 3796 1161 3858 curriductori
1207 3846 1239 3859 ..
1265 3798 1323 3861 sol.
1349 3800 1384 3860 L.

339 3900 515 3962 Benedicto
540 3900 731 3982 fellaytharo
756 3901 899 3962 eiusdem
919 3950 924 3962 .
942 3951 972 3963 ..
1004 3903 1064 3965 sol.
1089 3903 1123 3966 1..

336 4005 413 4068 Item
439 4005 516 4068 feria
540 4020 626 4068 sexta
650 4021 723 4068 ante
749 4007 861 4069 Letare
886 4007 987 4088 pisces
1012 4009 1074 4070 emi
1094 4059 1099 4071 .
1117 4059 1147 4071 ..
1171 4010 1230 4071 sol.
1255 4009 1366 4076 XLVI.

336 4113 477 4174 Sabbato
502 4112 650 4175 similiter
682 4128 755 4174 ante
789 4113 901 4174 Letare
935 4113 1006 4173 misi
1039 4114 1078 4174 ad
1104 4116 1213 4197 Garyg
1237 4117 1409 4198 pisces...
1433 4119 1492 4184 sol.

231 4217 384 4303 XLVIIII.

336 4322 415 4386 Item
431 4325 545 4386 eodem
563 4327 709 4402 sabbato,
726 4325 892 4387 dominico
909 4324 961 4387 die
979 4339 1010 4387 et
1034 4327 1243 4407 sequentibus
1259 4328 1374 4391 dlebus
1391 4350 1492 4413 usque

232 4428 343 4491 leriam
368 4447 514 4512 quartam
540 4432 579 4493 ad
605 4430 760 4494 GemIech
794 4446 824 4492 et
856 4431 895 4492 ad
929 4431 1087 4493 dicatores
1110 4446 1181 4496 taxe
1214 4434 1311 4515 regie,
1336 4437 1391 4518 qui
1416 4450 1493 4499 tunc

231 4549 321 4597 etant
345 4537 494 4616 Chasme,
519 4540 581 4601 emi
607 4554 637 4601 et
661 4539 792 4621 exposui
817 4539 989 4621 pisces...
1013 4540 1070 4603 sol.
1095 4540 1155 4604 I⁰L.

336 4643 412 4707 Item
438 4644 516 4707 feria
542 4660 655 4728 quarta
685 4661 759 4728 post
787 4646 899 4707 Letare
931 4646 1006 4708 dedi
1038 4644 1106 4708 filio
1132 4647 1245 4709 Berlelr
1270 4649 1310 4712 de
1335 4648 1493 4730 Dombro,

231 4750 288 4832 qui
312 4764 384 4812 ante
410 4766 547 4813 castrum
571 4752 704 4834 parabat
726 4750 883 4832 quasdam
908 4770 1018 4834 naves,
1042 4751 1189 4815 dedi...
1212 4753 1271 4818 sol.
1294 4752 1365 4819 XX.
