3428 5256
227 303 286 366 186
777 304 960 365 luventatis.

329 517 406 578 Item
432 516 464 576 in
490 515 603 577 eadem
628 515 705 576 cista
741 515 806 576 duo
839 515 941 578 cusini
966 516 1042 577 novi
1066 516 1106 578 de
1138 517 1262 601 optimo
1286 535 1370 595 taso,
1397 518 1501 580 rubei

222 623 349 700 coloris,
374 622 491 684 tercius
515 622 621 682 minor
645 621 739 682 viridi
765 622 882 682 coloris
906 621 945 683 de
971 623 1093 704 optima
1120 622 1284 687 thafwtha.

327 728 403 790 Item
429 727 623 788 lavatorium
648 741 836 808 argenteum
857 748 929 790 cum
946 730 1126 811 aspersorio
1149 729 1297 792 similiter
1320 744 1499 810 argenteo.

327 834 405 895 ltem
430 833 509 894 idria
535 847 684 914 argentea
709 852 768 915 pro
801 834 969 896 benedicta
1001 854 1084 917 aqua
1108 835 1149 897 ad
1180 835 1410 898 solennitatem
1436 857 1494 899 ec-

221 940 327 1019 clesie,
345 955 376 1002 et
392 940 424 1001 in
439 939 551 1001 eadem
566 940 742 1022 composita
757 953 841 1002 certa
860 938 1038 1021 fragmenta
1055 960 1128 1003 curn
1142 941 1304 1023 lapidibus
1319 941 1495 1024 preciosis.

327 1047 404 1108 Item
437 1046 605 1127 posuimus
636 1046 675 1106 ad
709 1046 857 1107 candem
878 1047 989 1108 cistam
1025 1047 1269 1128 quatuordecim
1303 1046 1421 1109 calices
1455 1068 1500 1110 ex

170 1206 173 1211 .
222 1154 339 1234 quibus
364 1171 446 1213 unus
471 1165 517 1213 est
538 1151 694 1233 lapideus.

328 1257 405 1319 ltem
444 1257 563 1319 ibidem
599 1258 768 1339 posuimus
803 1277 861 1340 pro
901 1259 1141 1340 composicione
1184 1259 1306 1340 argenti
1350 1258 1497 1323 calicum

224 1363 369 1444 quinque
395 1364 515 1445 optima
534 1363 721 1425 linteamina
746 1377 776 1425 et
795 1362 932 1446 desuper
956 1365 1123 1447 posuimus
1146 1385 1244 1427 unam
1269 1385 1421 1447 mappam
1448 1367 1497 1428 al·

224 1469 299 1529 raris
323 1469 362 1530 de
386 1469 500 1530 attlacz
526 1469 612 1547 albo,
638 1488 734 1531 nov0.

328 1575 405 1636 ltem
430 1575 470 1636 ad
495 1577 768 1661 complementum
790 1576 933 1637 eiusdem
952 1577 1038 1655 siste,
1066 1596 1160 1659 supra
1179 1577 1294 1638 calices
1317 1577 1496 1658 posuimus

222 1695 284 1742 tres
308 1681 396 1743 albas
420 1681 634 1743 sacerdotales
659 1683 759 1743 bonas
783 1695 814 1743 et
838 1702 950 1746 novas.

327 1788 403 1849 Item
429 1789 469 1849 ad
494 1788 631 1850 eandem
648 1788 758 1849 cistam
783 1789 951 1869 posuimus
967 1788 1104 1870 desuper
1128 1807 1224 1849 unam
1250 1788 1392 1850 casulam
1411 1808 1490 1852 cum

221 1895 373 1955 omnibus
398 1895 580 1956 attinenciis
604 1895 669 1955 suis
693 1894 732 1954 de
758 1913 829 1955 raso
854 1894 947 1955 viridi
973 1895 1108 1976 optimo,
1134 1894 1287 1974 insignito
1311 1894 1403 1975 signo
1430 1895 1492 1957 do·

223 2000 303 2061 mini
329 2000 465 2062 Osualdi
487 2000 640 2083 episcopi.

328 2106 406 2168 ltern
431 2108 599 2189 posuimus
616 2107 735 2168 ibidem
755 2128 855 2169 unum
874 2108 1003 2169 Missale
1022 2107 1052 2168 in
1071 2127 1278 2189 pargamen0‚
1296 2121 1490 2189 coopertum

221 2233 292 2274 raso
317 2216 417 2275 rubeo
443 2234 528 2275 novo
553 2227 584 2275 et
609 2216 706 2277 bono.

328 2319 405 2380 ltem
432 2321 598 2401 posuimus
622 2320 736 2381 iterum
755 2321 820 2382 duo
845 2320 1032 2381 linteamina
1065 2334 1096 2382 et
1120 2340 1220 2381 unum
1245 2317 1409 2382 laciletum
1433 2341 1484 2384 se·

222 2425 287 2486 rico
312 2425 476 2507 depictum
502 2440 532 2486 et
556 2425 621 2486 duo
646 2425 708 2486 alia
733 2425 859 2488 facileta
884 2426 923 2487 de
951 2425 1137 2508 thapbwtha
1164 2427 1272 2488 veteri.

329 2531 407 2592 ltem
433 2531 473 2592 ad
494 2531 635 2592 eandem
662 2531 771 2592 cistam
796 2532 964 2613 posuimus
981 2551 1078 2593 unam
1105 2552 1253 2613 magnam
1280 2550 1416 2613 cappam
1433 2552 1488 2594 ru·

222 2639 314 2698 beam
339 2637 378 2697 de
402 2656 542 2719 purpure
567 2656 653 2698 novo
678 2656 752 2698 cum
775 2657 834 2698 suo
858 2652 957 2701 scuto,
1032 2710 1036 2717 ,

328 2744 404 2806 ltem
431 2744 551 2805 ibidem
576 2744 742 2826 posuimus
766 2758 904 2826 quatuor
929 2764 1045 2826 cappas
1069 2764 1181 2827 parvas
1206 2765 1265 2827 pro
1288 2745 1406 2826 pueris,
1432 2764 1488 2807 co·

222 2850 299 2911 loris
322 2851 385 2911 albi
411 2850 449 2910 de
475 2851 589 2912 attlacz
614 2868 710 2927 novo,
736 2865 767 2912 et
791 2870 891 2912 unum
918 2851 1116 2912 Breviarium
1146 2851 1177 2911 in
1204 2869 1400 2933 pargameno
1426 2851 1487 2913 im·

222 2976 363 3037 pressum
390 2956 429 3017 de
454 2957 552 3016 modo
578 2954 755 3017 Goricensi.

328 3063 406 3124 ltem
432 3083 526 3144 supra
551 3081 664 3122 omnes
690 3081 738 3122 res
760 3064 950 3144 prescriptas
967 3063 1133 3143 posuimus
1158 3082 1254 3124 unam
1281 3066 1399 3125 bonam
1416 3063 1486 3126 tha·

223 3168 355 3249 peciam.
846 3210 858 3236 s

796 3249 808 3276 *
896 3250 907 3277 ἡ

327 3325 402 3386 ltem
430 3325 461 3385 in
487 3340 598 3406 quarta
625 3326 710 3404 cista,
734 3346 841 3408 parva,
875 3326 1027 3408 oblonga,
1060 3327 1228 3409 posuimus
1253 3327 1412 3409 pastorale
1437 3347 1487 3392 ar·

221 3445 384 3512 genscum,
408 3430 607 3510 deauratum,
632 3452 703 3493 curn
730 3433 945 3493 monstrantia
963 3433 1109 3494 similiter
1134 3448 1295 3513 argentea,
1321 3434 1485 3497 deaurata.

328 3538 404 3599 ltem
431 3539 469 3598 ad
496 3537 630 3600 eandem
655 3539 764 3599 cistam
791 3540 958 3621 posuimus
991 3539 1137 3600 cosinum
1161 3554 1371 3620 gemmatum,
1396 3540 1486 3621 quod

221 3659 287 3705 erat
311 3644 388 3704 alias
413 3643 536 3705 domini
563 3643 694 3723 Georgii
714 3644 917 3725 suffraganei,
942 3659 972 3705 et
996 3645 1144 3706 similiter
1161 3645 1240 3706 duas
1264 3645 1372 3708 thecas
1395 3666 1485 3728 gem·

221 3765 330 3828 matos,
355 3771 412 3833 pro
437 3752 684 3812 conservacione
710 3752 938 3832 corporalium.

329 3857 404 3918 ltem
432 3857 552 3918 ibidem
583 3858 750 3938 posuimus
784 3860 946 3919 cossinum
980 3860 1112 3920 ecclesie
1145 3861 1259 3937 maius,
1286 3876 1485 3941 gemmatum

223 3981 252 4027 et
278 3966 439 4047 lapidibus
463 3965 615 4045 preciosis
648 3979 808 4043 ornatum,
841 3985 913 4027 cum
947 3966 1048 4027 tribus
1079 3965 1184 4026 anulis
1217 3968 1331 4046 aureis,
1364 3982 1395 4030 et
1420 3969 1486 4030 duo

223 4072 310 4153 paria
336 4072 557 4132 cirotecarum.

327 4178 403 4237 ltem
431 4177 597 4258 posuimus
621 4177 740 4238 ibidem
767 4177 893 4238 rocheta
919 4197 982 4238 sex.

328 4283 404 4343 ltem
431 4283 469 4342 ad
495 4283 629 4344 eandem
656 4284 766 4344 cistam
791 4285 958 4366 posuimus
990 4277 1116 4345 crucem
1140 4282 1273 4344 ecclesie
1300 4305 1440 4349 auream.

329 4390 405 4449 ltem
431 4391 598 4471 posuimus
623 4390 743 4452 ibidem
769 4411 869 4451 unum
896 4390 1106 4467 Breviarium‚
1138 4408 1236 4450 manu
1262 4393 1427 4473 scriptum,
1454 4395 1484 4454 in

223 4515 429 4576 pargameno‚
462 4515 533 4556 cum
569 4496 714 4577 insigniis
746 4496 983 4578 episcopalibus
1014 4495 1155 4577 episcopi
1191 4496 1399 4558 waradiensis
1423 4500 1485 4578 sig·

222 4616 343 4678 natum,
368 4621 440 4662 curn
466 4600 573 4663 fibulis
597 4603 756 4683 argenteis
781 4616 811 4664 et
836 4603 964 4664 duobus
987 4599 1237 4685 pontificalibus.

329 4708 406 4769 ltem
433 4726 531 4768 unum
557 4709 666 4770 album
693 4709 835 4770 mensale
859 4708 899 4769 de
923 4705 1070 4770 sindone.

329 4814 407 4878 Item
432 4827 571 4896 quatuor
595 4833 695 4896 cappe
720 4815 819 4879 rubee
841 4813 881 4876 de
904 4811 1031 4893 aulaea,
1053 4829 1113 4895 pro
1137 4813 1255 4896 pueris.
