3428 5256
222 558 309 626 parte
334 542 523 604 occidentali
549 561 647 624 penes
672 540 809 603 fundum
841 555 872 604 et
895 543 1049 604 celarium
1082 562 1216 625 parvum
1239 545 1489 606 subterraneum

223 651 329 711 relicte
358 649 521 711 Benedicti
546 648 676 709 sartoris
701 646 805 709 fratris
836 649 1011 730 supradicti
1040 649 1230 729 Clementis,
1262 671 1279 712 a
1304 665 1392 733 parte
1416 669 1489 733 sep·

222 756 417 819 temtrionali
442 755 589 816 similiter
623 773 722 836 penes
754 752 889 816 fundum
924 755 1067 817 eiusdem
1101 755 1211 818 relicte
1235 776 1271 818 ac
1295 756 1488 837 (h)ortulutn

221 882 355 944 parvum
380 876 466 924 extra
491 880 618 922 murum
653 863 711 922 sub
744 875 829 922 turre
863 861 956 923 Chon
991 862 1070 924 olitn
1103 861 1218 941 judicis
1244 863 1355 942 nostri,
1379 864 1489 946 propi-

222 968 308 1028 navit
333 983 362 1029 et
387 967 476 1030 dedit
501 968 594 1028 Petro
618 966 757 1047 lapicide
781 965 849 1028 filio
880 966 1033 1048 Stephani
1067 967 1106 1029 de
1131 967 1308 1050 Wolsperg
1332 982 1362 1030 et
1386 969 1489 1031 Elene

221 1073 364 1136 eiusdem
390 1072 529 1135 consorti
556 1073 600 1133 uti
619 1071 712 1133 novis
729 1072 917 1133 concivibus
942 1072 983 1133 ita
1001 1086 1121 1151 tamen,
1146 1074 1234 1155 quod
1260 1088 1488 1155 postmortem

223 1180 358 1240 alicuius
375 1199 487 1242 eorum
503 1179 600 1240 trium
619 1197 714 1259 super
738 1179 899 1241 viventem
923 1179 1177 1256 condescendat;
1202 1181 1252 1242 cui
1278 1194 1325 1243 est
1349 1181 1422 1243 data
1447 1181 1488 1243 li·

221 1301 288 1348 tera
312 1285 522 1367 privilegialis
546 1304 641 1365 super
666 1284 839 1366 premissis.

329 1390 426 1464 Quod
452 1391 568 1451 mulier
593 1370 726 1472 provida
752 1390 845 1451 Clara
880 1391 957 1452 alias
989 1390 1129 1470 conjunx
1154 1391 1291 1454 condam
1317 1392 1484 1455 Benedicti

225 1499 378 1560 institoris
411 1517 494 1557 nunc
526 1515 602 1557 vero
647 1515 776 1557 consors
810 1497 898 1557 Pauli
932 1495 1117 1559 fistulatoris
1158 1498 1196 1558 de
1228 1497 1314 1560 Gora
1347 1496 1485 1561 fundum

223 1623 316 1665 suum
343 1622 398 1663 seu
423 1602 516 1663 civile
542 1600 692 1664 videlicet
725 1601 928 1663 medietatem
954 1601 1120 1663 cuiusdam
1154 1602 1245 1664 fundi
1270 1623 1343 1665 cum
1368 1603 1489 1668 cclario

225 1712 434 1770 subterraneo
469 1708 500 1767 in
526 1721 632 1768 nostra
663 1707 790 1768 civitate
815 1708 1013 1787 existentem,
1046 1709 1127 1770 inter
1160 1707 1297 1770 fundum
1329 1709 1487 1772 Anthonii

224 1814 385 1895 lutifiguli,
403 1835 419 1874 a
438 1828 524 1894 parte
549 1813 813 1894 septemtrionali,
831 1834 847 1873 a
866 1830 954 1895 parte
972 1834 1047 1875 vero
1063 1815 1206 1876 meridiei
1233 1835 1331 1897 penes
1349 1814 1488 1878 fundum

225 1920 390 1982 Michaelis
415 1920 545 1997 Bertun,
570 1918 753 1999 propinavit
777 1918 881 1979 eidem
901 1920 1000 1980 Paulo
1025 1920 1182 1982 moderno
1208 1922 1324 1983 marito
1347 1940 1418 1984 suo.
1444 1958 1486 1969 -

224 2028 301 2087 ltem
328 2024 446 2086 nobilis
472 2025 663 2085 Benedictus
689 2025 839 2106 Krupycz
856 2025 951 2085 aliam
977 2026 1181 2087 medietatem
1201 2027 1345 2089 eiusdem
1370 2027 1489 2089 domus

223 2152 295 2194 cum
320 2128 422 2193 fundo
448 2144 478 2192 et
502 2130 635 2192 edificiis
660 2150 695 2191 ac
719 2130 849 2192 cellario
875 2130 1021 2192 vendidit
1052 2132 1157 2192 eidem
1190 2132 1291 2195 Paulo
1316 2132 1485 2196 fistulatori

224 2260 282 2322 pro
306 2238 449 2319 quinque
476 2236 544 2298 flor.
569 2237 655 2312 auri;
688 2237 737 2298 cui
763 2237 801 2297 ad
820 2238 972 2318 premissa
998 2237 1063 2297 duo
1084 2237 1234 2299 videlicet
1258 2238 1428 2320 propinem
1454 2253 1486 2301 et

226 2347 429 2428 empcionem
455 2345 527 2405 data
553 2358 598 2404 est
622 2343 711 2404 litera
737 2343 955 2425 privilegialis.

329 2451 427 2525 Quod
446 2448 564 2510 nobilis
583 2448 717 2529 Egidius
734 2447 872 2509 carnifex
891 2449 931 2510 de
947 2450 1052 2510 Mlaka
1071 2447 1155 2510 filius
1174 2450 1322 2528 Emerici,
1340 2463 1488 2532 quartam

224 2574 345 2640 partem
364 2556 531 2617 cuiusdam
546 2553 636 2616 fundi
655 2575 710 2616 seu
728 2555 844 2615 domus
862 2570 984 2616 murate
1003 2575 1074 2615 cum
1093 2555 1226 2616 edificiis
1239 2576 1334 2638 super
1351 2557 1488 2618 domum

224 2679 381 2725 muratam
407 2662 607 2740 constructis,
633 2663 663 2721 in
690 2675 795 2722 nostra
825 2662 952 2721 civitate
987 2662 1142 2739 habitum,
1168 2682 1239 2723 cum
1265 2664 1417 2725 omnibus
1440 2662 1489 2745 ju·

224 2771 311 2830 ribus
335 2783 364 2830 et
390 2768 605 2850 pertinenciis,
624 2767 728 2849 ipsum
746 2768 840 2828 titulo
860 2768 1038 2848 empcionis
1060 2781 1318 2849 concernentem,
1343 2770 1489 2832 vendidit

224 2897 281 2957 pro
307 2891 379 2937 octo
405 2876 474 2937 flor.
500 2875 643 2955 Georgio
665 2873 732 2935 filio
751 2875 839 2935 l‘auli
867 2874 904 2934 de
930 2875 1013 2954 Vgra
1035 2876 1080 2936 uti
1108 2895 1192 2936 novo
1210 2891 1319 2938 nostro
1344 2878 1488 2955 concivi;

224 2984 272 3044 cui
299 2983 370 3043 data
397 2998 443 3042 est
468 2982 557 3042 litera
583 2980 802 3062 privilegialis.

331 3089 407 3150 ltem
434 3088 595 3147 lohannes
620 3087 727 3149 senior
751 3086 845 3161 judex
870 3102 899 3148 et
924 3086 1065 3147 concivis
1090 3100 1197 3147 noster
1221 3086 1305 3147 tilius
1331 3088 1422 3166 Pero,
1439 3089 1485 3149 vi·

225 3214 316 3256 neam
336 3194 500 3255 cuiusdam
514 3193 634 3273 Agathe
653 3193 904 3253 eidemlohanni
923 3213 980 3274 pro
999 3192 1108 3253 debito
1126 3206 1248 3273 septem
1268 3192 1336 3254 flor.
1357 3213 1484 3255 concer-

226 3315 366 3375 nentem,
392 3302 472 3360 intcr
497 3300 623 3359 vineam
647 3317 866 3359 successorum
885 3299 1021 3360 condam
1041 3298 1218 3359 Sebastiani
1237 3296 1294 3358 filii
1321 3298 1486 3380 Stephani,

226 3406 367 3468 concivis
391 3406 502 3482 nostri,
527 3419 557 3465 et
583 3406 664 3464 inter
697 3423 902 3466 communem
929 3407 1025 3477 viam,
1058 3406 1222 3486 Stephano
1247 3406 1395 3486 plathnar
1420 3405 1487 3469 filio

227 3512 392 3573 Michaelis
417 3513 455 3573 de
482 3511 651 3571 Kolostvar
676 3530 733 3592 pro
758 3512 901 3593 quinque
928 3512 996 3574 lior.
1020 3511 1184 3585 vendidit;
1208 3511 1257 3571 cui
1283 3511 1354 3572 data
1381 3527 1426 3574 est
1451 3514 1487 3574 li·

226 3634 291 3681 tera
321 3618 538 3700 privilegialis.

414 3856 448 3927 In
479 3856 564 3927 festo
594 3850 851 3927 Purificacionis
880 3859 978 3929 hante
1006 3861 1150 3946 virginis
1181 3859 1297 3929 Marte.

737 4012 777 4083 (2.
795 4014 974 4089 senniarii).

335 4150 471 4211 Provida
496 4150 627 4211 domina
655 4151 815 4212 Dorothea
851 4151 914 4213 lilia
948 4153 1084 4214 condam
1111 4154 1261 4216 Thoman
1289 4155 1489 4234 Spathawicz

230 4278 309 4319 uxor
334 4257 465 4338 Georgii
492 4254 546 4317 filii
571 4256 742 4317 Vithlronis
759 4258 797 4317 de
818 4259 1000 4319 hlodrussio
1018 4261 1199 4341 propinavit
1216 4261 1319 4321 eidem
1347 4260 1489 4341 (ieorgio

233 4364 348 4427 marito
372 4383 431 4424 suo
455 4363 641 4445 porcionem
665 4382 754 4424 suam
784 4364 1079 4443 posscssionariam,
1112 4365 1258 4426 videlicet
1284 4366 1487 4427 medietatem

232 4469 371 4553 pallacii,
395 4470 494 4546 curie,
518 4468 621 4529 civilis
635 4468 737 4545 fundi,
762 4468 960 4529 edificiorum
988 4471 1018 4531 in
1047 4471 1129 4531 dictn
1154 4472 1280 4533 civitate
1307 4472 1488 4533 habitorum

230 4576 311 4637 inter
335 4576 451 4637 domos
474 4594 530 4637 seu
555 4573 673 4636 fundos
697 4576 834 4636 condam
856 4576 965 4636 laconi
986 4576 1159 4658 Ebcrspck,
1183 4597 1200 4638 a
1225 4593 1312 4659 parte
1338 4578 1489 4640 meridio-

230 4680 306 4762 nali,
329 4700 390 4744 nec
413 4701 478 4744 non
503 4700 603 4765 penes
633 4680 768 4743 domum
801 4696 958 4743 muratam
991 4702 1046 4743 seu
1079 4683 1251 4765 pallacium
1278 4683 1375 4745 Blasii
1400 4684 1489 4745 insti·

229 4786 308 4851 toris
330 4786 554 4853 Tbewtoniczi
578 4802 609 4853 et
633 4787 765 4853 domine
788 4787 960 4852 Katberine
980 4790 1088 4855 uxoris
1111 4788 1254 4853 eiusdem
1281 4788 1390 4871 Blasii,
1414 4810 1487 4879 cog-
