3428 5256
556 1341 684 1432 (Anno
719 1339 877 1429 Domini
914 1339 1117 1444 MDXXH).

197 1695 286 1775 Item
315 1700 349 1774 in
379 1723 472 1775 anno
498 1699 642 1775 Domini
670 1701 857 1776 millesimo
877 1700 1167 1800 quingentesimo
1192 1701 1369 1798 vigesimo
1401 1724 1457 1775 se-

199 1823 326 1916 cundo,
345 1832 509 1924 tempore
529 1824 697 1899 videlicet
711 1824 891 1922 judicatus
912 1825 1014 1900 tercii
1035 1824 1219 1924 prudentis
1249 1832 1287 1897 et
1306 1824 1452 1899 circnm-

198 1947 315 2046 specti
344 1947 526 2024 Michaelis
556 1948 689 2023 literati
718 1947 776 2024 filii
815 1948 959 2038 Mathei,
992 1949 1154 2023 moderni
1178 1943 1308 2045 judicis
1330 1949 1457 2033 nostri,

198 2094 348 2171 presens
371 2071 579 2147 kathemum
610 2082 668 2146 est
697 2073 939 2171 conscriptum
976 2072 1084 2147 modo
1123 2079 1161 2146 et
1198 2071 1322 2146 ordine
1352 2078 1459 2170 prout

197 2203 311 2295 patet,
332 2195 488 2270 sabbato
509 2197 671 2295 proximo
701 2205 787 2295 post
806 2195 938 2271 festum
967 2196 1076 2271 beate
1092 2193 1282 2270 Dorothee
1310 2194 1458 2292 virginis

699 2330 737 2396 et
769 2320 937 2395 martiris.

707 2590 754 2663 (ρ.
772 2586 948 2662 februarii).

304 2744 402 2818 Quod
434 2746 508 2826 quia
542 2745 756 2806 communitas
786 2745 940 2826 quasdam
978 2744 1058 2805 duas
1090 2745 1259 2825 porciones
1291 2745 1457 2806 cuiusdam

197 2850 314 2912 domus
337 2851 516 2932 plebanalis
540 2852 631 2912 beate
650 2851 851 2932 Margarethe
870 2851 1002 2932 virginis
1019 2852 1050 2912 in
1069 2851 1224 2913 suburbio
1243 2850 1363 2933 prefate
1382 2852 1457 2912 civi·

195 2957 268 3018 tatis
292 2957 411 3035 habite,
433 2961 536 3034 stube,
561 2958 711 3038 coquine,
737 2957 857 3018 cellarii
883 2957 991 3018 totalis
1007 2958 1218 3034 subterranei,
1243 2972 1273 3017 et
1299 2958 1393 3018 unius
1410 2959 1457 3018 in·

195 3076 282 3144 tegre
307 3064 405 3140 curie,
429 3064 511 3125 inter
535 3063 664 3125 terciam
691 3077 813 3145 partem
839 3063 1001 3144 porcionis
1024 3063 1288 3124 condivisionalis
1312 3063 1455 3124 eiusdem

196 3173 323 3249 domus,
347 3193 473 3235 necnon
499 3175 594 3234 unius
618 3193 744 3233 camere
777 3187 806 3232 et
831 3172 955 3232 duabus
987 3173 1109 3252 quartis
1133 3171 1221 3231 curie
1246 3171 1372 3253 providi
1399 3171 1456 3232 viri

197 3278 350 3361 Stephani
375 3280 502 3357 sutoris,
527 3280 668 3341 concivis
685 3279 795 3356 nostri,
820 3299 836 3338 a
856 3291 944 3360 parte
961 3277 1229 3359 septemtrionali,
1254 3293 1285 3338 et
1309 3277 1458 3338 orientali

196 3384 301 3465 platea
325 3386 517 3462 communis,
535 3405 571 3446 sc
597 3385 678 3446 inter
695 3384 888 3445 cimiterium
914 3383 1045 3444 ecclesie
1064 3383 1147 3445 beati
1167 3382 1295 3443 Martini
1314 3383 1456 3463 episcopi

196 3492 227 3552 in
253 3492 340 3554 dicto
372 3492 519 3554 similiter
549 3492 704 3553 suburbio
737 3491 873 3552 civitatis
904 3503 1095 3566 constructe,
1127 3509 1144 3550 a
1176 3488 1392 3566 meridionali,
1416 3491 1456 3549 ab

196 3599 389 3660 occidentali
415 3618 515 3680 usque
540 3598 702 3681 quondam
729 3616 858 3678 parvam
891 3596 1080 3679 particulam
1105 3595 1193 3656 curie
1218 3595 1400 3656 communis
1425 3595 1456 3654 in

195 3719 344 3786 postergo
362 3706 448 3767 curie
465 3706 549 3767 dicte
567 3705 682 3766 domus
698 3703 907 3784 jobagionum
925 3701 1045 3784 prelate
1063 3702 1196 3762 ecclesie
1215 3702 1305 3762 beate
1332 3701 1456 3780 Marga-

195 3812 282 3874 retbe
307 3813 440 3894 virginis
464 3813 580 3874 habitis
605 3826 636 3873 et
660 3811 880 3887 existentibus,
913 3828 1009 3869 unam
1036 3809 1203 3888 integram,
1228 3821 1263 3869 ut
1287 3806 1455 3889 prefertur,

196 3919 316 3980 curiam
341 3919 381 3980 sd
406 3938 500 3979 usum
526 3919 608 3979 dicte
634 3918 770 3979 civitatis
795 3918 884 3978 inse
913 3915 1143 3992 continentem,
1167 3914 1264 3975 simul
1289 3933 1362 3974 cum
1386 3932 1455 3973 orn·

196 4025 291 4086 nibus
315 4025 435 4087 eisdem
461 4026 679 4107 porcionibus,
702 4039 735 4085 ut
752 4023 956 4106 premittitur,
975 4023 1076 4098 stube,
1102 4022 1252 4102 coquine,
1269 4020 1456 4101 cellariique

195 4132 302 4193 totalis
326 4132 524 4194 subterranei
550 4146 580 4192 et
605 4132 699 4192 unius
731 4131 852 4209 integre
885 4129 982 4204 curie,
1007 4148 1043 4188 ac
1075 4128 1214 4207 quadarn
1240 4147 1334 4209 parva
1361 4126 1455 4208 parti·

196 4238 266 4300 cula
302 4251 395 4315 terre,
432 4258 528 4320 quam
565 4237 685 4298 eisdem
722 4236 930 4319 porcionibus
965 4234 1191 4314 adiungimus,
1224 4234 1255 4293 in
1289 4232 1457 4294 latitudine

195 4345 323 4407 brachia
350 4344 450 4407 lerrea
474 4360 612 4426 quatuor
637 4345 668 4404 in
693 4364 725 4404 se
760 4343 954 4418 continente,
988 4342 1019 4401 in
1042 4341 1246 4421 longitudine
1272 4360 1347 4402 vero
1372 4356 1457 4418 oct0,

196 4455 279 4515 inter
303 4454 407 4515 dictos
431 4453 624 4514 cimiterium
658 4450 779 4534 prefate
812 4450 944 4511 ecclesie
978 4449 1060 4509 beati
1095 4448 1223 4509 Martini
1259 4448 1401 4530 episcopi
1428 4462 1458 4508 et

195 4561 336 4644 plateam
361 4580 567 4623 communem
593 4561 633 4621 ab
657 4557 817 4635 orientali,
835 4556 1105 4636 meridionalique
1123 4570 1154 4615 et
1177 4555 1369 4616 occidentali
1387 4574 1458 4636 par·

195 4668 281 4732 tibus
305 4666 459 4745 habitatu,
484 4667 685 4744 utilitatibus,
718 4664 852 4745 juribus,
883 4664 1004 4740 usibus,
1037 4662 1272 4743 integritatibus
1305 4676 1335 4723 et
1360 4661 1456 4743 perti·

161 4818 164 4825 ,
194 4773 319 4838 uenciis
342 4772 501 4837 universis
523 4772 661 4855 provido
678 4785 709 4835 et
732 4770 869 4834 honesto
886 4769 955 4832 viro
972 4768 1145 4833 Valentino
1169 4768 1269 4833 sutori
1296 4766 1363 4831 filio
1380 4786 1456 4830 con·
