3428 5256
587 1423 715 1520 (Anno
743 1422 900 1511 Domini
927 1421 1085 1523 MDIII.)

217 1797 305 1874 ltem
335 1798 369 1873 in
398 1820 490 1872 anno
520 1795 663 1872 Domini
688 1796 876 1872 millesimo
915 1797 1206 1896 quingentesimo
1235 1800 1362 1889 tercio,
1391 1807 1480 1876 tem·

218 1944 306 2021 pore
334 1920 503 1996 videlicet
531 1920 678 1995 secundi
702 1918 883 2016 judicatus
913 1920 1050 2018 providi
1080 1928 1118 1996 et
1145 1921 1288 1997 honesti
1317 1924 1381 1997 viri
1412 1922 1475 1998 Mi·

219 2045 351 2121 chaelis
395 2042 618 2144 Opprasnich
656 2041 714 2118 lilii
753 2043 934 2134 Anthonii,
978 2043 1137 2119 moderni
1175 2043 1305 2141 judicis
1349 2048 1477 2136 nostri,

219 2191 369 2266 presens
399 2177 611 2267 quaternum
648 2174 707 2242 est
741 2168 982 2266 conscriptum
1020 2165 1111 2242 feria
1149 2177 1278 2266 quarta
1316 2171 1481 2267 proxima

455 2301 540 2367 ante
569 2291 700 2365 festum
730 2291 827 2365 beati
853 2291 1023 2390 Johannis
1053 2290 1233 2390 Baptiste.

770 2567 830 2633 (21.
846 2555 962 2637 Jitnr'r).

324 2697 423 2771 Quod
448 2699 523 2780 quia
548 2718 606 2760 nos
630 2699 844 2760 communitas
874 2698 1155 2779 Montisgrecensis
1179 2698 1344 2796 quoddam
1370 2699 1477 2759 locum

218 2823 353 2865 vacuum
381 2824 438 2887 pro
463 2805 643 2866 erreccione
669 2804 846 2865 molendini
874 2805 905 2865 in
924 2805 1086 2866 territorio
1111 2820 1254 2865 nostroa
1279 2806 1480 2886 septemtrio·

218 2910 295 2988 nali,
312 2910 459 2971 orientali
477 2925 507 2971 et
524 2910 793 2990 meridionalique
823 2911 926 2992 plagis
948 2910 1065 2972 fluvius
1082 2910 1324 2973 Medwednicza
1343 2911 1479 2972 circum·

218 3035 347 3098 quaque
372 3015 553 3092 decurrens,
576 3018 615 3077 ab
640 3016 831 3078 occidentali
860 3036 937 3079 vero
962 3032 1050 3098 parte
1075 3019 1124 3078 via
1150 3019 1343 3093 communis,
1368 3019 1477 3096 situm,

217 3121 362 3184 habitum
381 3135 411 3183 et
428 3122 625 3200 existentem,
648 3123 743 3184 simul
767 3142 840 3184 cum
857 3124 1008 3184 omnibus
1027 3123 1171 3185 eiusdem
1197 3123 1259 3185 loci
1277 3124 1368 3185 vacui
1394 3124 1480 3185 utili·

217 3229 335 3289 tatibus
359 3242 389 3289 et
413 3228 618 3309 pertinenciis
642 3229 798 3290 universis
822 3229 952 3310 egregio
977 3228 1111 3291 domino
1137 3230 1275 3290 iohanni
1295 3229 1416 3290 Jacobo
1440 3230 1479 3290 de

217 3335 361 3416 Angelis,
384 3334 506 3395 arcium
530 3348 560 3395 et
584 3334 742 3397 medicine
767 3335 910 3413 doctori,
934 3350 964 3397 et
989 3336 1124 3397 domine
1150 3336 1276 3398 Milicza
1300 3336 1479 3398 conthorali

217 3439 373 3517 eiusdem,
397 3460 433 3500 ac
458 3460 515 3522 per
539 3459 594 3501 eos
618 3441 761 3522 ipsorum
787 3441 958 3503 heredibus
989 3442 1084 3504 titulo
1117 3442 1308 3504 donacionis
1331 3442 1480 3506 dedimus

217 3561 247 3609 et
272 3546 491 3628 inscripsimus
516 3546 584 3626 jure
608 3561 764 3629 perpetuo
789 3547 1033 3628 possidendum.

323 3688 421 3762 Quod
451 3689 526 3770 quia
558 3689 676 3751 nobilis
707 3690 858 3752 dominus
891 3690 1017 3774 Gywan
1049 3692 1169 3768 Pastor,
1202 3693 1414 3754 tricesimator
1448 3707 1480 3755 et

217 3796 358 3856 concivis
384 3811 510 3871 noster,
543 3796 716 3876 quamdam
750 3796 883 3859 domum
918 3812 1074 3859 muratam
1106 3799 1202 3859 simul
1231 3818 1302 3860 cum
1328 3798 1480 3860 omnibus

217 3901 360 3963 eiusdem
385 3903 601 3981 (utilitatibus)
620 3903 651 3963 in
677 3902 759 3964 dicta
777 3904 904 3965 civitate
927 3904 1008 3965 inter
1026 3905 1159 3965 domum
1185 3905 1313 3966 Martini
1339 3905 1480 3983 sartoris,

216 4011 256 4069 ab
281 4027 355 4087 una,
379 4009 529 4070 videlicet
553 4009 592 4069 ab
617 4009 764 4070 orientali
791 4025 890 4091 parte,
915 4012 955 4070 ab
979 4009 1074 4072 altera
1102 4030 1177 4072 vero
1202 4027 1300 4092 parte,
1328 4011 1478 4072 videlicet

216 4133 233 4174 a
258 4115 473 4192 meridionali,
498 4134 716 4177 successorum
742 4117 878 4177 condam
905 4116 1036 4177 Vericza
1055 4117 1149 4195 dicte,
1174 4119 1213 4177 ab
1238 4117 1430 4178 occidentali
1448 4132 1478 4178 et

216 4240 232 4281 a
265 4222 517 4302 septemtrionali
550 4223 693 4303 partibus
725 4223 775 4283 vie
808 4242 1007 4298 communes,
1040 4222 1180 4284 habitam
1216 4237 1245 4284 et
1278 4224 1476 4299 existentem,

215 4328 355 4389 mediam
381 4329 500 4389 curiam
528 4330 615 4389 inse
640 4330 870 4408 continentem,
895 4330 999 4411 ipsum
1021 4330 1189 4390 dominum
1208 4327 1332 4411 Gywan
1358 4331 1397 4391 ab
1423 4330 1475 4390 he-

216 4434 346 4496 redibus
370 4434 507 4495 condam
540 4434 729 4496 Valenthicz
760 4436 939 4517 empcionis
970 4435 1065 4497 titulo
1097 4451 1356 4513 concernentem,
1380 4435 1476 4497 simul

215 4560 288 4602 cum
313 4540 464 4602 omnibus
488 4541 632 4601 eiusdem
657 4540 774 4602 domus
805 4555 928 4602 mutate
954 4541 1158 4619 utilitatibus,
1192 4542 1301 4603 usibus
1325 4557 1355 4604 et
1380 4542 1476 4624 perti·

215 4648 338 4709 nenciis
368 4646 526 4708 universis
557 4647 686 4728 egregio
718 4646 853 4709 domino
878 4646 1017 4708 lobanni
1043 4648 1163 4709 Jacobo
1195 4648 1235 4707 de
1260 4647 1402 4730 Angelis,
1427 4667 1477 4708 ar·

214 4755 299 4816 cium
325 4769 356 4816 et
378 4753 540 4815 medicine
564 4753 699 4831 doctori,
731 4766 763 4816 et
794 4753 927 4815 domine
959 4753 1096 4836 Mylicza
1128 4753 1306 4816 conthorali
1332 4754 1475 4815 eiusdem

214 4878 273 4946 pro
296 4859 498 4944 septuaginta
523 4857 593 4923 flor.
616 4859 685 4922 auri
710 4859 906 4924 vendidisset
929 4874 1085 4946 perpetuo
1108 4859 1348 4946 possidendam.
