<?xml version="1.0" encoding="UTF-8"?>
<!DOCTYPE html PUBLIC "-//W3C//DTD XHTML 1.0 Transitional//EN"
    "http://www.w3.org/TR/xhtml1/DTD/xhtml1-transitional.dtd">
<html xmlns="http://www.w3.org/1999/xhtml" xml:lang="en" lang="en">
 <head>
  <title>
</title>
<meta http-equiv="Content-Type" content="text/html;charset=utf-8" />
  <meta name='ocr-system' content='tesseract 3.04.00' />
  <meta name='ocr-capabilities' content='ocr_page ocr_carea ocr_par ocr_line ocrx_word'/>
</head>
<body>
  <div class='ocr_page' id='page_1' title='image "./monumentahistor02laszgoog_0364.png"; bbox 0 0 3428 5256; ppageno 0'>
   <div class='ocr_carea' id='block_1_1' title="bbox 724 331 1484 418">
    <p class='ocr_par' dir='ltr' id='par_1_1' title="bbox 724 331 1484 418">
     <span class='ocr_line' id='line_1_1' title="bbox 724 331 1484 418; baseline 0.003 -22"><span class='ocrx_word' id='word_1_1' title='bbox 724 331 877 398; x_wconf 79' lang='lat' dir='ltr'><em>Rationes.</em></span> <span class='ocrx_word' id='word_1_2' title='bbox 1425 356 1484 418; x_wconf 84' lang='lat'>3¹5</span> 
     </span>
    </p>
   </div>
   <div class='ocr_carea' id='block_1_2' title="bbox 223 548 1493 4784">
    <p class='ocr_par' dir='ltr' id='par_1_2' title="bbox 223 548 1488 950">
     <span class='ocr_line' id='line_1_2' title="bbox 329 548 1485 632; baseline 0 -22"><span class='ocrx_word' id='word_1_3' title='bbox 329 549 407 612; x_wconf 88' lang='lat' dir='ltr'>ltem</span> <span class='ocrx_word' id='word_1_4' title='bbox 432 564 550 612; x_wconf 92' lang='lat' dir='ltr'>eotunc</span> <span class='ocrx_word' id='word_1_5' title='bbox 575 550 703 611; x_wconf 87' lang='lat' dir='ltr'>duobus</span> <span class='ocrx_word' id='word_1_6' title='bbox 731 550 968 612; x_wconf 75' lang='lat' dir='ltr'>laboratoribus</span> <span class='ocrx_word' id='word_1_7' title='bbox 999 548 1151 610; x_wconf 88' lang='lat' dir='ltr'>videlicet</span> <span class='ocrx_word' id='word_1_8' title='bbox 1174 549 1311 612; x_wconf 91' lang='lat' dir='ltr'>Nicolao</span> <span class='ocrx_word' id='word_1_9' title='bbox 1336 549 1485 632; x_wconf 86' lang='lat' dir='ltr'>Ztlroyko</span> 
     </span>
     <span class='ocr_line' id='line_1_3' title="bbox 223 655 1487 739; baseline 0.001 -22"><span class='ocrx_word' id='word_1_10' title='bbox 223 655 264 719; x_wconf 92' lang='lat' dir='ltr'>de</span> <span class='ocrx_word' id='word_1_11' title='bbox 290 656 440 719; x_wconf 88' lang='lat' dir='ltr'>Bidrascz</span> <span class='ocrx_word' id='word_1_12' title='bbox 464 670 496 719; x_wconf 91' lang='lat' dir='ltr'>et</span> <span class='ocrx_word' id='word_1_13' title='bbox 521 655 681 737; x_wconf 82' lang='lat' dir='ltr'>Gregorio</span> <span class='ocrx_word' id='word_1_14' title='bbox 705 656 878 739; x_wconf 90' lang='lat' dir='ltr'>Zaualycb,</span> <span class='ocrx_word' id='word_1_15' title='bbox 903 656 958 738; x_wconf 92' lang='lat' dir='ltr'>qui</span> <span class='ocrx_word' id='word_1_16' title='bbox 989 655 1236 717; x_wconf 90' lang='lat' dir='ltr'>cumulaverunt</span> <span class='ocrx_word' id='word_1_17' title='bbox 1259 671 1290 718; x_wconf 88' lang='lat' dir='ltr'>et</span> <span class='ocrx_word' id='word_1_18' title='bbox 1314 676 1487 737; x_wconf 82' lang='lat' dir='ltr'>congrege·</span> 
     </span>
     <span class='ocr_line' id='line_1_4' title="bbox 223 760 1488 846; baseline 0.001 -22"><span class='ocrx_word' id='word_1_19' title='bbox 223 777 298 825; x_wconf 91' lang='lat' dir='ltr'>runt</span> <span class='ocrx_word' id='word_1_20' title='bbox 322 762 446 846; x_wconf 91' lang='lat' dir='ltr'>lapides</span> <span class='ocrx_word' id='word_1_21' title='bbox 471 761 588 826; x_wconf 90' lang='lat' dir='ltr'>fractos</span> <span class='ocrx_word' id='word_1_22' title='bbox 610 762 651 825; x_wconf 88' lang='lat' dir='ltr'>ad</span> <span class='ocrx_word' id='word_1_23' title='bbox 676 763 855 842; x_wconf 84' lang='lat' dir='ltr'>cumulum,</span> <span class='ocrx_word' id='word_1_24' title='bbox 880 763 919 824; x_wconf 93' lang='lat' dir='ltr'>ad</span> <span class='ocrx_word' id='word_1_25' title='bbox 955 760 1024 823; x_wconf 88' lang='lat' dir='ltr'>dies</span> <span class='ocrx_word' id='word_1_26' title='bbox 1048 761 1232 842; x_wconf 84' lang='lat' dir='ltr'>duodecim,</span> <span class='ocrx_word' id='word_1_27' title='bbox 1256 763 1296 825; x_wconf 90' lang='lat' dir='ltr'>ad</span> <span class='ocrx_word' id='word_1_28' title='bbox 1321 762 1406 825; x_wconf 90' lang='lat' dir='ltr'>diem</span> <span class='ocrx_word' id='word_1_29' title='bbox 1432 782 1488 845; x_wconf 88' lang='lat' dir='ltr'>per</span> 
     </span>
     <span class='ocr_line' id='line_1_5' title="bbox 223 866 1163 950; baseline 0.001 -19"><span class='ocrx_word' id='word_1_30' title='bbox 223 869 332 934; x_wconf 87' lang='lat' dir='ltr'>denar.</span> <span class='ocrx_word' id='word_1_31' title='bbox 356 870 394 935; x_wconf 89' lang='lat' dir='ltr'>V.</span> <span class='ocrx_word' id='word_1_32' title='bbox 419 869 512 950; x_wconf 84' lang='lat' dir='ltr'>datis,</span> <span class='ocrx_word' id='word_1_33' title='bbox 536 870 602 932; x_wconf 92' lang='lat' dir='ltr'>dati</span> <span class='ocrx_word' id='word_1_34' title='bbox 628 870 660 931; x_wconf 92' lang='lat' dir='ltr'>in</span> <span class='ocrx_word' id='word_1_35' title='bbox 685 882 754 932; x_wconf 91' lang='lat' dir='ltr'>toto</span> <span class='ocrx_word' id='word_1_36' title='bbox 770 917 778 933; x_wconf 93' lang='lat'>.</span> <span class='ocrx_word' id='word_1_37' title='bbox 795 916 827 934; x_wconf 99' lang='lat'>..</span> <span class='ocrx_word' id='word_1_38' title='bbox 857 868 927 933; x_wconf 93' lang='lat' dir='ltr'>flor.</span> <span class='ocrx_word' id='word_1_39' title='bbox 951 869 972 932; x_wconf 95' lang='lat' dir='ltr'>l.</span> <span class='ocrx_word' id='word_1_40' title='bbox 995 868 1069 933; x_wconf 92' lang='lat' dir='ltr'>den.</span> <span class='ocrx_word' id='word_1_41' title='bbox 1093 866 1163 932; x_wconf 87' lang='lat' dir='ltr'>XX.</span> 
     </span>
    </p>

    <p class='ocr_par' dir='ltr' id='par_1_3' title="bbox 223 973 1489 1272">
     <span class='ocr_line' id='line_1_6' title="bbox 331 973 1488 1058; baseline 0.003 -22"><span class='ocrx_word' id='word_1_42' title='bbox 331 975 409 1037; x_wconf 83' lang='lat' dir='ltr'>Item</span> <span class='ocrx_word' id='word_1_43' title='bbox 433 991 551 1038; x_wconf 91' lang='lat' dir='ltr'>eotunc</span> <span class='ocrx_word' id='word_1_44' title='bbox 575 975 738 1039; x_wconf 82' lang='lat' dir='ltr'>Clementi</span> <span class='ocrx_word' id='word_1_45' title='bbox 769 974 861 1037; x_wconf 90' lang='lat' dir='ltr'>fabro</span> <span class='ocrx_word' id='word_1_46' title='bbox 893 975 932 1036; x_wconf 88' lang='lat' dir='ltr'>de</span> <span class='ocrx_word' id='word_1_47' title='bbox 958 975 1140 1037; x_wconf 88' lang='lat' dir='ltr'>Thernawa</span> <span class='ocrx_word' id='word_1_48' title='bbox 1170 994 1229 1058; x_wconf 90' lang='lat' dir='ltr'>pro</span> <span class='ocrx_word' id='word_1_49' title='bbox 1254 973 1488 1042; x_wconf 75' lang='lat' dir='ltr'>reformatione</span> 
     </span>
     <span class='ocr_line' id='line_1_7' title="bbox 223 1082 1489 1167; baseline 0.001 -23"><span class='ocrx_word' id='word_1_50' title='bbox 223 1083 511 1146; x_wconf 84' lang='lat' dir='ltr'>instrumentorum</span> <span class='ocrx_word' id='word_1_51' title='bbox 526 1082 708 1145; x_wconf 90' lang='lat' dir='ltr'>infractura</span> <span class='ocrx_word' id='word_1_52' title='bbox 727 1082 873 1165; x_wconf 88' lang='lat' dir='ltr'>lapidum</span> <span class='ocrx_word' id='word_1_53' title='bbox 891 1082 1137 1159; x_wconf 83' lang='lat' dir='ltr'>destructorum,</span> <span class='ocrx_word' id='word_1_54' title='bbox 1151 1102 1208 1165; x_wconf 87' lang='lat' dir='ltr'>per</span> <span class='ocrx_word' id='word_1_55' title='bbox 1221 1096 1343 1144; x_wconf 91' lang='lat' dir='ltr'>certum</span> <span class='ocrx_word' id='word_1_56' title='bbox 1361 1097 1489 1167; x_wconf 91' lang='lat' dir='ltr'>tempus</span> 
     </span>
     <span class='ocr_line' id='line_1_8' title="bbox 223 1188 1146 1272; baseline 0.002 -22"><span class='ocrx_word' id='word_1_57' title='bbox 223 1189 263 1250; x_wconf 90' lang='lat' dir='ltr'>ad</span> <span class='ocrx_word' id='word_1_58' title='bbox 288 1188 394 1251; x_wconf 92' lang='lat' dir='ltr'>dicam</span> <span class='ocrx_word' id='word_1_59' title='bbox 417 1189 561 1272; x_wconf 79' lang='lat' dir='ltr'>signatis,</span> <span class='ocrx_word' id='word_1_60' title='bbox 587 1189 681 1252; x_wconf 86' lang='lat' dir='ltr'>datus</span> <span class='ocrx_word' id='word_1_61' title='bbox 704 1202 751 1250; x_wconf 88' lang='lat' dir='ltr'>est</span> <span class='ocrx_word' id='word_1_62' title='bbox 767 1236 775 1252; x_wconf 98' lang='lat'>.</span> <span class='ocrx_word' id='word_1_63' title='bbox 792 1236 822 1253; x_wconf 94' lang='lat'>..</span> <span class='ocrx_word' id='word_1_64' title='bbox 847 1188 916 1253; x_wconf 88' lang='lat' dir='ltr'>flor.</span> <span class='ocrx_word' id='word_1_65' title='bbox 941 1188 962 1252; x_wconf 96' lang='lat' dir='ltr'>l.</span> <span class='ocrx_word' id='word_1_66' title='bbox 985 1188 1057 1252; x_wconf 92' lang='lat' dir='ltr'>den.</span> <span class='ocrx_word' id='word_1_67' title='bbox 1082 1188 1146 1252; x_wconf 89' lang='lat' dir='ltr'>Vll.</span> 
     </span>
    </p>

    <p class='ocr_par' dir='ltr' id='par_1_4' title="bbox 225 1294 1486 1482">
     <span class='ocr_line' id='line_1_9' title="bbox 329 1294 1486 1378; baseline 0 -21"><span class='ocrx_word' id='word_1_68' title='bbox 329 1295 408 1358; x_wconf 90' lang='lat' dir='ltr'>ltem</span> <span class='ocrx_word' id='word_1_69' title='bbox 442 1296 571 1358; x_wconf 84' lang='lat' dir='ltr'>Andrea</span> <span class='ocrx_word' id='word_1_70' title='bbox 607 1294 698 1357; x_wconf 89' lang='lat' dir='ltr'>fabro</span> <span class='ocrx_word' id='word_1_71' title='bbox 734 1296 849 1356; x_wconf 88' lang='lat' dir='ltr'>iterum</span> <span class='ocrx_word' id='word_1_72' title='bbox 885 1315 944 1378; x_wconf 87' lang='lat' dir='ltr'>pro</span> <span class='ocrx_word' id='word_1_73' title='bbox 980 1294 1214 1359; x_wconf 90' lang='lat' dir='ltr'>reformacione</span> <span class='ocrx_word' id='word_1_74' title='bbox 1260 1296 1355 1358; x_wconf 92' lang='lat' dir='ltr'>unius</span> <span class='ocrx_word' id='word_1_75' title='bbox 1391 1296 1486 1359; x_wconf 88' lang='lat' dir='ltr'>malei</span> 
     </span>
     <span class='ocr_line' id='line_1_10' title="bbox 225 1398 854 1482; baseline 0.003 -20"><span class='ocrx_word' id='word_1_76' title='bbox 225 1400 344 1482; x_wconf 81' lang='lat' dir='ltr'>magni,</span> <span class='ocrx_word' id='word_1_77' title='bbox 369 1400 434 1463; x_wconf 87' lang='lat' dir='ltr'>dati</span> <span class='ocrx_word' id='word_1_78' title='bbox 459 1415 532 1462; x_wconf 90' lang='lat' dir='ltr'>sunt</span> <span class='ocrx_word' id='word_1_79' title='bbox 549 1449 557 1464; x_wconf 90' lang='lat'>.</span> <span class='ocrx_word' id='word_1_80' title='bbox 573 1446 606 1465; x_wconf 90' lang='lat'>..</span> <span class='ocrx_word' id='word_1_81' title='bbox 632 1401 705 1464; x_wconf 92' lang='lat' dir='ltr'>den.</span> <span class='ocrx_word' id='word_1_82' title='bbox 729 1398 854 1464; x_wconf 86' lang='lat' dir='ltr'>XXXII.</span> 
     </span>
    </p>

    <p class='ocr_par' dir='ltr' id='par_1_5' title="bbox 224 1506 1486 1696">
     <span class='ocr_line' id='line_1_11' title="bbox 331 1506 1485 1591; baseline 0.003 -24"><span class='ocrx_word' id='word_1_83' title='bbox 331 1507 409 1569; x_wconf 80' lang='lat' dir='ltr'>ltem</span> <span class='ocrx_word' id='word_1_84' title='bbox 434 1506 588 1591; x_wconf 86' lang='lat' dir='ltr'>cui(dam)</span> <span class='ocrx_word' id='word_1_85' title='bbox 606 1507 734 1569; x_wconf 83' lang='lat' dir='ltr'>Thomu</span> <span class='ocrx_word' id='word_1_86' title='bbox 754 1507 895 1590; x_wconf 81' lang='lat' dir='ltr'>anrych</span> <span class='ocrx_word' id='word_1_87' title='bbox 913 1507 953 1569; x_wconf 91' lang='lat' dir='ltr'>de</span> <span class='ocrx_word' id='word_1_88' title='bbox 969 1507 1154 1569; x_wconf 88' lang='lat' dir='ltr'>Werhoucz</span> <span class='ocrx_word' id='word_1_89' title='bbox 1177 1508 1279 1569; x_wconf 88' lang='lat' dir='ltr'>eciam</span> <span class='ocrx_word' id='word_1_90' title='bbox 1298 1508 1328 1569; x_wconf 90' lang='lat' dir='ltr'>in</span> <span class='ocrx_word' id='word_1_91' title='bbox 1350 1507 1485 1570; x_wconf 89' lang='lat' dir='ltr'>fractuta</span> 
     </span>
     <span class='ocr_line' id='line_1_12' title="bbox 224 1613 1486 1696; baseline 0.004 -22"><span class='ocrx_word' id='word_1_92' title='bbox 224 1613 369 1696; x_wconf 88' lang='lat' dir='ltr'>lapidum</span> <span class='ocrx_word' id='word_1_93' title='bbox 395 1633 450 1696; x_wconf 89' lang='lat' dir='ltr'>per</span> <span class='ocrx_word' id='word_1_94' title='bbox 474 1634 527 1676; x_wconf 87' lang='lat' dir='ltr'>sex</span> <span class='ocrx_word' id='word_1_95' title='bbox 551 1614 619 1675; x_wconf 94' lang='lat' dir='ltr'>dies</span> <span class='ocrx_word' id='word_1_96' title='bbox 642 1615 798 1676; x_wconf 90' lang='lat' dir='ltr'>continuo</span> <span class='ocrx_word' id='word_1_97' title='bbox 831 1614 1000 1691; x_wconf 82' lang='lat' dir='ltr'>laboranti,</span> <span class='ocrx_word' id='word_1_98' title='bbox 1033 1615 1097 1674; x_wconf 89' lang='lat' dir='ltr'>dati</span> <span class='ocrx_word' id='word_1_99' title='bbox 1121 1628 1194 1675; x_wconf 86' lang='lat' dir='ltr'>sunt</span> <span class='ocrx_word' id='word_1_100' title='bbox 1211 1663 1218 1679; x_wconf 98' lang='lat'>.</span> <span class='ocrx_word' id='word_1_101' title='bbox 1234 1662 1266 1677; x_wconf 92' lang='lat'>..</span> <span class='ocrx_word' id='word_1_102' title='bbox 1290 1614 1363 1678; x_wconf 94' lang='lat' dir='ltr'>den.</span> <span class='ocrx_word' id='word_1_103' title='bbox 1386 1613 1486 1679; x_wconf 88' lang='lat' dir='ltr'>XXX.</span> 
     </span>
    </p>

    <p class='ocr_par' dir='ltr' id='par_1_6' title="bbox 223 1719 1488 2109">
     <span class='ocr_line' id='line_1_13' title="bbox 331 1719 1486 1804; baseline 0 -22"><span class='ocrx_word' id='word_1_104' title='bbox 331 1721 408 1782; x_wconf 88' lang='lat' dir='ltr'>ltem</span> <span class='ocrx_word' id='word_1_105' title='bbox 434 1722 464 1782; x_wconf 92' lang='lat' dir='ltr'>in</span> <span class='ocrx_word' id='word_1_106' title='bbox 492 1719 572 1782; x_wconf 85' lang='lat' dir='ltr'>festo</span> <span class='ocrx_word' id='word_1_107' title='bbox 597 1721 803 1782; x_wconf 67' lang='lat' dir='ltr'>ascensionis</span> <span class='ocrx_word' id='word_1_108' title='bbox 829 1721 959 1782; x_wconf 88' lang='lat' dir='ltr'>Domini</span> <span class='ocrx_word' id='word_1_109' title='bbox 982 1736 1112 1782; x_wconf 84' lang='lat' dir='ltr'>venerat</span> <span class='ocrx_word' id='word_1_110' title='bbox 1136 1721 1268 1802; x_wconf 89' lang='lat' dir='ltr'>quidam</span> <span class='ocrx_word' id='word_1_111' title='bbox 1294 1723 1430 1804; x_wconf 81' lang='lat' dir='ltr'>lapicida</span> <span class='ocrx_word' id='word_1_112' title='bbox 1449 1743 1486 1784; x_wconf 83' lang='lat' dir='ltr'>ex</span> 
     </span>
     <span class='ocr_line' id='line_1_14' title="bbox 223 1827 1487 1908; baseline 0.001 -20"><span class='ocrx_word' id='word_1_113' title='bbox 223 1827 385 1888; x_wconf 89' lang='lat' dir='ltr'>Zamobor</span> <span class='ocrx_word' id='word_1_114' title='bbox 403 1827 547 1888; x_wconf 80' lang='lat' dir='ltr'>Andreas</span> <span class='ocrx_word' id='word_1_115' title='bbox 571 1828 713 1906; x_wconf 89' lang='lat' dir='ltr'>nomine,</span> <span class='ocrx_word' id='word_1_116' title='bbox 736 1842 869 1889; x_wconf 85' lang='lat' dir='ltr'>vocatus</span> <span class='ocrx_word' id='word_1_117' title='bbox 892 1847 948 1908; x_wconf 90' lang='lat' dir='ltr'>per</span> <span class='ocrx_word' id='word_1_118' title='bbox 978 1827 1139 1905; x_wconf 84' lang='lat' dir='ltr'>dominos,</span> <span class='ocrx_word' id='word_1_119' title='bbox 1164 1839 1194 1888; x_wconf 93' lang='lat' dir='ltr'>et</span> <span class='ocrx_word' id='word_1_120' title='bbox 1217 1828 1347 1889; x_wconf 87' lang='lat' dir='ltr'>tandem</span> <span class='ocrx_word' id='word_1_121' title='bbox 1374 1829 1487 1889; x_wconf 87' lang='lat' dir='ltr'>iterum</span> 
     </span>
     <span class='ocr_line' id='line_1_15' title="bbox 225 1932 1488 2015; baseline -0.001 -19"><span class='ocrx_word' id='word_1_122' title='bbox 225 1935 387 2013; x_wconf 86' lang='lat' dir='ltr'>remissus,</span> <span class='ocrx_word' id='word_1_123' title='bbox 419 1935 470 1995; x_wconf 92' lang='lat' dir='ltr'>cui</span> <span class='ocrx_word' id='word_1_124' title='bbox 504 1934 587 1996; x_wconf 89' lang='lat' dir='ltr'>idem</span> <span class='ocrx_word' id='word_1_125' title='bbox 623 1934 747 1995; x_wconf 92' lang='lat' dir='ltr'>domini</span> <span class='ocrx_word' id='word_1_126' title='bbox 780 1932 922 1997; x_wconf 88' lang='lat' dir='ltr'>fecerunt</span> <span class='ocrx_word' id='word_1_127' title='bbox 955 1935 1029 1996; x_wconf 90' lang='lat' dir='ltr'>dare</span> <span class='ocrx_word' id='word_1_128' title='bbox 1058 1952 1116 2015; x_wconf 93' lang='lat' dir='ltr'>pro</span> <span class='ocrx_word' id='word_1_129' title='bbox 1149 1932 1295 2015; x_wconf 83' lang='lat' dir='ltr'>expensis</span> <span class='ocrx_word' id='word_1_130' title='bbox 1318 1953 1374 1995; x_wconf 85' lang='lat' dir='ltr'>seu</span> <span class='ocrx_word' id='word_1_131' title='bbox 1400 1935 1488 1995; x_wconf 91' lang='lat' dir='ltr'>biba·</span> 
     </span>
     <span class='ocr_line' id='line_1_16' title="bbox 228 2040 525 2109; baseline 0 -6"><span class='ocrx_word' id='word_1_132' title='bbox 228 2041 386 2109; x_wconf 87' lang='lat' dir='ltr'>libus...</span> <span class='ocrx_word' id='word_1_133' title='bbox 411 2040 480 2104; x_wconf 89' lang='lat' dir='ltr'>flor.</span> <span class='ocrx_word' id='word_1_134' title='bbox 503 2040 525 2103; x_wconf 89' lang='lat' dir='ltr'>l.</span> 
     </span>
    </p>

    <p class='ocr_par' dir='ltr' id='par_1_7' title="bbox 228 2145 1488 2423">
     <span class='ocr_line' id='line_1_17' title="bbox 330 2145 1488 2228; baseline 0 -20"><span class='ocrx_word' id='word_1_135' title='bbox 330 2147 409 2208; x_wconf 90' lang='lat' dir='ltr'>Item</span> <span class='ocrx_word' id='word_1_136' title='bbox 435 2166 492 2228; x_wconf 92' lang='lat' dir='ltr'>pro</span> <span class='ocrx_word' id='word_1_137' title='bbox 517 2145 736 2228; x_wconf 82' lang='lat' dir='ltr'>disposicione</span> <span class='ocrx_word' id='word_1_138' title='bbox 759 2159 791 2209; x_wconf 90' lang='lat' dir='ltr'>et</span> <span class='ocrx_word' id='word_1_139' title='bbox 811 2145 1046 2209; x_wconf 78' lang='lat' dir='ltr'>reformatione</span> <span class='ocrx_word' id='word_1_140' title='bbox 1063 2165 1213 2207; x_wconf 84' lang='lat' dir='ltr'>vasorum</span> <span class='ocrx_word' id='word_1_141' title='bbox 1239 2146 1271 2208; x_wconf 92' lang='lat' dir='ltr'>in</span> <span class='ocrx_word' id='word_1_142' title='bbox 1295 2147 1414 2227; x_wconf 86' lang='lat' dir='ltr'>quibus</span> <span class='ocrx_word' id='word_1_143' title='bbox 1438 2166 1488 2208; x_wconf 94' lang='lat' dir='ltr'>ce·</span> 
     </span>
     <span class='ocr_line' id='line_1_18' title="bbox 228 2251 1488 2335; baseline 0.002 -22"><span class='ocrx_word' id='word_1_144' title='bbox 228 2266 373 2314; x_wconf 91' lang='lat' dir='ltr'>mentum</span> <span class='ocrx_word' id='word_1_145' title='bbox 399 2252 472 2314; x_wconf 90' lang='lat' dir='ltr'>duci</span> <span class='ocrx_word' id='word_1_146' title='bbox 510 2252 647 2314; x_wconf 82' lang='lat' dir='ltr'>debebat</span> <span class='ocrx_word' id='word_1_147' title='bbox 678 2267 743 2315; x_wconf 90' lang='lat' dir='ltr'>tam</span> <span class='ocrx_word' id='word_1_148' title='bbox 778 2252 818 2314; x_wconf 89' lang='lat' dir='ltr'>ad</span> <span class='ocrx_word' id='word_1_149' title='bbox 844 2252 1013 2334; x_wconf 79' lang='lat' dir='ltr'>magistros</span> <span class='ocrx_word' id='word_1_150' title='bbox 1044 2266 1074 2314; x_wconf 90' lang='lat' dir='ltr'>et</span> <span class='ocrx_word' id='word_1_151' title='bbox 1099 2251 1237 2313; x_wconf 94' lang='lat' dir='ltr'>circulos</span> <span class='ocrx_word' id='word_1_152' title='bbox 1261 2253 1393 2335; x_wconf 83' lang='lat' dir='ltr'>exposui</span> <span class='ocrx_word' id='word_1_153' title='bbox 1418 2301 1426 2316; x_wconf 91' lang='lat'>.</span> <span class='ocrx_word' id='word_1_154' title='bbox 1450 2301 1488 2317; x_wconf 92' lang='lat'>..</span> 
     </span>
     <span class='ocr_line' id='line_1_19' title="bbox 228 2358 452 2423; baseline 0.022 -5"><span class='ocrx_word' id='word_1_155' title='bbox 228 2359 301 2422; x_wconf 92' lang='lat' dir='ltr'>den.</span> <span class='ocrx_word' id='word_1_156' title='bbox 326 2358 452 2423; x_wconf 91' lang='lat' dir='ltr'>LXXV.</span> 
     </span>
    </p>

    <p class='ocr_par' dir='ltr' id='par_1_8' title="bbox 224 2462 1490 2653">
     <span class='ocr_line' id='line_1_20' title="bbox 330 2462 1490 2548; baseline 0 -22"><span class='ocrx_word' id='word_1_157' title='bbox 330 2464 408 2526; x_wconf 91' lang='lat' dir='ltr'>ltem</span> <span class='ocrx_word' id='word_1_158' title='bbox 433 2478 550 2526; x_wconf 91' lang='lat' dir='ltr'>eotunc</span> <span class='ocrx_word' id='word_1_159' title='bbox 576 2464 711 2525; x_wconf 91' lang='lat' dir='ltr'>domino</span> <span class='ocrx_word' id='word_1_160' title='bbox 736 2462 900 2545; x_wconf 87' lang='lat' dir='ltr'>Stephano</span> <span class='ocrx_word' id='word_1_161' title='bbox 927 2463 1051 2548; x_wconf 90' lang='lat' dir='ltr'>Herycz</span> <span class='ocrx_word' id='word_1_162' title='bbox 1069 2483 1128 2546; x_wconf 91' lang='lat' dir='ltr'>pro</span> <span class='ocrx_word' id='word_1_163' title='bbox 1152 2483 1218 2526; x_wconf 91' lang='lat' dir='ltr'>uno</span> <span class='ocrx_word' id='word_1_164' title='bbox 1243 2466 1342 2527; x_wconf 84' lang='lat' dir='ltr'>veteri</span> <span class='ocrx_word' id='word_1_165' title='bbox 1369 2485 1441 2527; x_wconf 88' lang='lat' dir='ltr'>vase</span> <span class='ocrx_word' id='word_1_166' title='bbox 1459 2481 1490 2526; x_wconf 91' lang='lat' dir='ltr'>et</span> 
     </span>
     <span class='ocr_line' id='line_1_21' title="bbox 224 2567 999 2653; baseline 0.004 -22"><span class='ocrx_word' id='word_1_167' title='bbox 224 2590 282 2653; x_wconf 92' lang='lat' dir='ltr'>pro</span> <span class='ocrx_word' id='word_1_168' title='bbox 308 2571 379 2632; x_wconf 90' lang='lat' dir='ltr'>unis</span> <span class='ocrx_word' id='word_1_169' title='bbox 403 2571 500 2632; x_wconf 86' lang='lat' dir='ltr'>trahis</span> <span class='ocrx_word' id='word_1_170' title='bbox 523 2569 599 2631; x_wconf 91' lang='lat' dir='ltr'>dare</span> <span class='ocrx_word' id='word_1_171' title='bbox 623 2570 796 2634; x_wconf 91' lang='lat' dir='ltr'>debui...</span> <span class='ocrx_word' id='word_1_172' title='bbox 821 2570 894 2633; x_wconf 93' lang='lat' dir='ltr'>den.</span> <span class='ocrx_word' id='word_1_173' title='bbox 917 2567 999 2634; x_wconf 89' lang='lat' dir='ltr'>XXl.</span> 
     </span>
    </p>

    <p class='ocr_par' dir='ltr' id='par_1_9' title="bbox 227 2674 1490 2954">
     <span class='ocr_line' id='line_1_22' title="bbox 329 2674 1490 2759; baseline 0 -21"><span class='ocrx_word' id='word_1_174' title='bbox 329 2676 408 2739; x_wconf 93' lang='lat' dir='ltr'>ltem</span> <span class='ocrx_word' id='word_1_175' title='bbox 433 2674 509 2738; x_wconf 92' lang='lat' dir='ltr'>feria</span> <span class='ocrx_word' id='word_1_176' title='bbox 542 2676 639 2738; x_wconf 89' lang='lat' dir='ltr'>tercia</span> <span class='ocrx_word' id='word_1_177' title='bbox 672 2692 745 2758; x_wconf 90' lang='lat' dir='ltr'>post</span> <span class='ocrx_word' id='word_1_178' title='bbox 768 2674 882 2738; x_wconf 85' lang='lat' dir='ltr'>festum</span> <span class='ocrx_word' id='word_1_179' title='bbox 916 2676 1143 2738; x_wconf 87' lang='lat' dir='ltr'>Penthecostes</span> <span class='ocrx_word' id='word_1_180' title='bbox 1167 2677 1269 2739; x_wconf 89' lang='lat' dir='ltr'>Paulo</span> <span class='ocrx_word' id='word_1_181' title='bbox 1293 2696 1425 2759; x_wconf 90' lang='lat' dir='ltr'>swpano</span> <span class='ocrx_word' id='word_1_182' title='bbox 1459 2691 1490 2738; x_wconf 86' lang='lat' dir='ltr'>et</span> 
     </span>
     <span class='ocr_line' id='line_1_23' title="bbox 227 2781 1487 2866; baseline 0 -22"><span class='ocrx_word' id='word_1_183' title='bbox 227 2784 321 2846; x_wconf 87' lang='lat' dir='ltr'>Petro</span> <span class='ocrx_word' id='word_1_184' title='bbox 346 2781 628 2866; x_wconf 86' lang='lat' dir='ltr'>Terzwymissich,</span> <span class='ocrx_word' id='word_1_185' title='bbox 652 2803 690 2843; x_wconf 83' lang='lat' dir='ltr'>ex</span> <span class='ocrx_word' id='word_1_186' title='bbox 718 2802 859 2864; x_wconf 91' lang='lat' dir='ltr'>quo...</span> <span class='ocrx_word' id='word_1_187' title='bbox 891 2802 947 2865; x_wconf 90' lang='lat' dir='ltr'>per</span> <span class='ocrx_word' id='word_1_188' title='bbox 979 2783 1130 2845; x_wconf 89' lang='lat' dir='ltr'>dominos</span> <span class='ocrx_word' id='word_1_189' title='bbox 1161 2783 1201 2845; x_wconf 92' lang='lat' dir='ltr'>ad</span> <span class='ocrx_word' id='word_1_190' title='bbox 1225 2783 1425 2846; x_wconf 88' lang='lat' dir='ltr'>labores...</span> <span class='ocrx_word' id='word_1_191' title='bbox 1449 2803 1487 2844; x_wconf 81' lang='lat' dir='ltr'>ex</span> 
     </span>
     <span class='ocr_line' id='line_1_24' title="bbox 228 2887 1049 2954; baseline -0.001 -1"><span class='ocrx_word' id='word_1_192' title='bbox 228 2891 455 2953; x_wconf 90' lang='lat' dir='ltr'>commissione</span> <span class='ocrx_word' id='word_1_193' title='bbox 481 2891 688 2952; x_wconf 89' lang='lat' dir='ltr'>dominorum</span> <span class='ocrx_word' id='word_1_194' title='bbox 715 2890 779 2951; x_wconf 89' lang='lat' dir='ltr'>dati</span> <span class='ocrx_word' id='word_1_195' title='bbox 798 2939 804 2952; x_wconf 95' lang='lat'>.</span> <span class='ocrx_word' id='word_1_196' title='bbox 823 2937 857 2954; x_wconf 93' lang='lat'>..</span> <span class='ocrx_word' id='word_1_197' title='bbox 882 2888 956 2953; x_wconf 91' lang='lat' dir='ltr'>den.</span> <span class='ocrx_word' id='word_1_198' title='bbox 981 2887 1049 2952; x_wconf 93' lang='lat' dir='ltr'>XX.</span> 
     </span>
    </p>

    <p class='ocr_par' dir='ltr' id='par_1_10' title="bbox 227 2995 1482 3167">
     <span class='ocr_line' id='line_1_25' title="bbox 334 2995 1482 3079; baseline 0.002 -22"><span class='ocrx_word' id='word_1_199' title='bbox 334 2997 410 3058; x_wconf 88' lang='lat' dir='ltr'>ltem</span> <span class='ocrx_word' id='word_1_200' title='bbox 436 3011 552 3058; x_wconf 88' lang='lat' dir='ltr'>eotunc</span> <span class='ocrx_word' id='word_1_201' title='bbox 577 2996 639 3058; x_wconf 90' lang='lat' dir='ltr'>emi</span> <span class='ocrx_word' id='word_1_202' title='bbox 654 3015 770 3058; x_wconf 87' lang='lat' dir='ltr'>novem</span> <span class='ocrx_word' id='word_1_203' title='bbox 796 2996 901 3058; x_wconf 86' lang='lat' dir='ltr'>trahas</span> <span class='ocrx_word' id='word_1_204' title='bbox 925 2996 1025 3079; x_wconf 82' lang='lat' dir='ltr'>vulgo</span> <span class='ocrx_word' id='word_1_205' title='bbox 1056 2995 1178 3078; x_wconf 81' lang='lat' dir='ltr'>thragle</span> <span class='ocrx_word' id='word_1_206' title='bbox 1204 3016 1260 3079; x_wconf 87' lang='lat' dir='ltr'>per</span> <span class='ocrx_word' id='word_1_207' title='bbox 1283 2996 1356 3059; x_wconf 91' lang='lat' dir='ltr'>den.</span> <span class='ocrx_word' id='word_1_208' title='bbox 1380 2997 1482 3060; x_wconf 86' lang='lat' dir='ltr'>V...</span> 
     </span>
     <span class='ocr_line' id='line_1_26' title="bbox 227 3100 520 3167; baseline -0.01 -2"><span class='ocrx_word' id='word_1_209' title='bbox 227 3101 302 3165; x_wconf 90' lang='lat' dir='ltr'>fecit</span> <span class='ocrx_word' id='word_1_210' title='bbox 326 3103 400 3167; x_wconf 91' lang='lat' dir='ltr'>den.</span> <span class='ocrx_word' id='word_1_211' title='bbox 424 3100 520 3165; x_wconf 92' lang='lat' dir='ltr'>XLV.</span> 
     </span>
    </p>

    <p class='ocr_par' dir='ltr' id='par_1_11' title="bbox 332 3208 1482 3292">
     <span class='ocr_line' id='line_1_27' title="bbox 332 3208 1482 3292; baseline 0.003 -22"><span class='ocrx_word' id='word_1_212' title='bbox 332 3210 409 3270; x_wconf 89' lang='lat' dir='ltr'>Item</span> <span class='ocrx_word' id='word_1_213' title='bbox 434 3222 550 3270; x_wconf 90' lang='lat' dir='ltr'>eotunc</span> <span class='ocrx_word' id='word_1_214' title='bbox 575 3209 637 3269; x_wconf 92' lang='lat' dir='ltr'>emi</span> <span class='ocrx_word' id='word_1_215' title='bbox 663 3228 784 3270; x_wconf 84' lang='lat' dir='ltr'>asseres</span> <span class='ocrx_word' id='word_1_216' title='bbox 808 3227 917 3270; x_wconf 89' lang='lat' dir='ltr'>curros</span> <span class='ocrx_word' id='word_1_217' title='bbox 942 3209 1023 3270; x_wconf 90' lang='lat' dir='ltr'>duos</span> <span class='ocrx_word' id='word_1_218' title='bbox 1046 3228 1105 3292; x_wconf 95' lang='lat' dir='ltr'>pro</span> <span class='ocrx_word' id='word_1_219' title='bbox 1121 3258 1129 3274; x_wconf 91' lang='lat'>.</span> <span class='ocrx_word' id='word_1_220' title='bbox 1145 3257 1176 3272; x_wconf 89' lang='lat'>..</span> <span class='ocrx_word' id='word_1_221' title='bbox 1202 3208 1270 3271; x_wconf 90' lang='lat' dir='ltr'>flor.</span> <span class='ocrx_word' id='word_1_222' title='bbox 1295 3209 1316 3273; x_wconf 91' lang='lat' dir='ltr'>l.</span> <span class='ocrx_word' id='word_1_223' title='bbox 1339 3210 1412 3273; x_wconf 91' lang='lat' dir='ltr'>den.</span> <span class='ocrx_word' id='word_1_224' title='bbox 1431 3210 1482 3274; x_wconf 90' lang='lat' dir='ltr'>Vl.</span> 
     </span>
    </p>

    <p class='ocr_par' dir='ltr' id='par_1_12' title="bbox 225 3314 1489 3503">
     <span class='ocr_line' id='line_1_28' title="bbox 331 3314 1489 3398; baseline 0.001 -22"><span class='ocrx_word' id='word_1_225' title='bbox 331 3314 408 3376; x_wconf 87' lang='lat' dir='ltr'>ltem</span> <span class='ocrx_word' id='word_1_226' title='bbox 434 3329 551 3376; x_wconf 90' lang='lat' dir='ltr'>eotunc</span> <span class='ocrx_word' id='word_1_227' title='bbox 576 3314 720 3376; x_wconf 85' lang='lat' dir='ltr'>Fabiano</span> <span class='ocrx_word' id='word_1_228' title='bbox 744 3314 895 3397; x_wconf 89' lang='lat' dir='ltr'>Zeboych</span> <span class='ocrx_word' id='word_1_229' title='bbox 913 3315 952 3376; x_wconf 92' lang='lat' dir='ltr'>de</span> <span class='ocrx_word' id='word_1_230' title='bbox 979 3315 1137 3398; x_wconf 89' lang='lat' dir='ltr'>Bydrascz</span> <span class='ocrx_word' id='word_1_231' title='bbox 1162 3334 1221 3398; x_wconf 90' lang='lat' dir='ltr'>pro</span> <span class='ocrx_word' id='word_1_232' title='bbox 1246 3335 1307 3376; x_wconf 91' lang='lat' dir='ltr'>una</span> <span class='ocrx_word' id='word_1_233' title='bbox 1334 3315 1489 3398; x_wconf 91' lang='lat' dir='ltr'>particula</span> 
     </span>
     <span class='ocr_line' id='line_1_29' title="bbox 225 3419 1446 3503; baseline 0.004 -21"><span class='ocrx_word' id='word_1_234' title='bbox 225 3420 326 3500; x_wconf 91' lang='lat' dir='ltr'>fenili,</span> <span class='ocrx_word' id='word_1_235' title='bbox 351 3441 406 3502; x_wconf 93' lang='lat' dir='ltr'>per</span> <span class='ocrx_word' id='word_1_236' title='bbox 431 3440 528 3503; x_wconf 93' lang='lat' dir='ltr'>quam</span> <span class='ocrx_word' id='word_1_237' title='bbox 554 3419 613 3482; x_wconf 87' lang='lat' dir='ltr'>fuit</span> <span class='ocrx_word' id='word_1_238' title='bbox 637 3422 687 3482; x_wconf 90' lang='lat' dir='ltr'>via</span> <span class='ocrx_word' id='word_1_239' title='bbox 714 3421 794 3484; x_wconf 87' lang='lat' dir='ltr'>facta</span> <span class='ocrx_word' id='word_1_240' title='bbox 819 3423 900 3483; x_wconf 90' lang='lat' dir='ltr'>circa</span> <span class='ocrx_word' id='word_1_241' title='bbox 925 3422 1074 3500; x_wconf 87' lang='lat' dir='ltr'>calcinas,</span> <span class='ocrx_word' id='word_1_242' title='bbox 1100 3422 1250 3486; x_wconf 91' lang='lat' dir='ltr'>dedi...</span> <span class='ocrx_word' id='word_1_243' title='bbox 1276 3422 1349 3485; x_wconf 90' lang='lat' dir='ltr'>den.</span> <span class='ocrx_word' id='word_1_244' title='bbox 1373 3421 1446 3488; x_wconf 94' lang='lat' dir='ltr'>XX.</span> 
     </span>
    </p>

    <p class='ocr_par' dir='ltr' id='par_1_13' title="bbox 227 3526 1488 3806">
     <span class='ocr_line' id='line_1_30' title="bbox 334 3526 1488 3610; baseline 0.002 -22"><span class='ocrx_word' id='word_1_245' title='bbox 334 3527 411 3590; x_wconf 90' lang='lat' dir='ltr'>ltem</span> <span class='ocrx_word' id='word_1_246' title='bbox 436 3526 514 3588; x_wconf 89' lang='lat' dir='ltr'>feria</span> <span class='ocrx_word' id='word_1_247' title='bbox 539 3528 651 3609; x_wconf 92' lang='lat' dir='ltr'>quinta</span> <span class='ocrx_word' id='word_1_248' title='bbox 677 3543 748 3610; x_wconf 90' lang='lat' dir='ltr'>post</span> <span class='ocrx_word' id='word_1_249' title='bbox 782 3527 897 3590; x_wconf 89' lang='lat' dir='ltr'>festum</span> <span class='ocrx_word' id='word_1_250' title='bbox 934 3528 1189 3590; x_wconf 87' lang='lat' dir='ltr'>Phenthecosten</span> <span class='ocrx_word' id='word_1_251' title='bbox 1224 3529 1338 3589; x_wconf 91' lang='lat' dir='ltr'>iterum</span> <span class='ocrx_word' id='word_1_252' title='bbox 1374 3529 1488 3609; x_wconf 77' lang='lat' dir='ltr'>viginti</span> 
     </span>
     <span class='ocr_line' id='line_1_31' title="bbox 227 3633 1487 3717; baseline 0.001 -21"><span class='ocrx_word' id='word_1_253' title='bbox 227 3635 354 3696; x_wconf 90' lang='lat' dir='ltr'>duobus</span> <span class='ocrx_word' id='word_1_254' title='bbox 390 3634 576 3696; x_wconf 89' lang='lat' dir='ltr'>hominibus</span> <span class='ocrx_word' id='word_1_255' title='bbox 612 3635 736 3717; x_wconf 91' lang='lat' dir='ltr'>lapides</span> <span class='ocrx_word' id='word_1_256' title='bbox 771 3634 993 3716; x_wconf 83' lang='lat' dir='ltr'>frangentibus</span> <span class='ocrx_word' id='word_1_257' title='bbox 1028 3635 1067 3696; x_wconf 93' lang='lat' dir='ltr'>ad</span> <span class='ocrx_word' id='word_1_258' title='bbox 1109 3634 1177 3695; x_wconf 87' lang='lat' dir='ltr'>dies</span> <span class='ocrx_word' id='word_1_259' title='bbox 1213 3633 1385 3696; x_wconf 89' lang='lat' dir='ltr'>duodecim</span> <span class='ocrx_word' id='word_1_260' title='bbox 1423 3636 1487 3697; x_wconf 89' lang='lat' dir='ltr'>dati</span> 
     </span>
     <span class='ocr_line' id='line_1_32' title="bbox 227 3739 589 3806; baseline -0.003 -3"><span class='ocrx_word' id='word_1_261' title='bbox 227 3757 300 3803; x_wconf 91' lang='lat' dir='ltr'>sunt</span> <span class='ocrx_word' id='word_1_262' title='bbox 316 3790 324 3806; x_wconf 91' lang='lat'>.</span> <span class='ocrx_word' id='word_1_263' title='bbox 341 3791 348 3805; x_wconf 94' lang='lat'>.</span> <span class='ocrx_word' id='word_1_264' title='bbox 366 3789 373 3804; x_wconf 96' lang='lat'>.</span> <span class='ocrx_word' id='word_1_265' title='bbox 399 3741 468 3804; x_wconf 89' lang='lat' dir='ltr'>flor.</span> <span class='ocrx_word' id='word_1_266' title='bbox 494 3739 589 3804; x_wconf 94' lang='lat' dir='ltr'>XXll.</span> 
     </span>
    </p>

    <p class='ocr_par' dir='ltr' id='par_1_14' title="bbox 229 3847 1489 4035">
     <span class='ocr_line' id='line_1_33' title="bbox 333 3847 1489 3931; baseline 0 -21"><span class='ocrx_word' id='word_1_267' title='bbox 333 3847 410 3910; x_wconf 85' lang='lat' dir='ltr'>ltem</span> <span class='ocrx_word' id='word_1_268' title='bbox 438 3848 584 3928; x_wconf 83' lang='lat' dir='ltr'>Andreas</span> <span class='ocrx_word' id='word_1_269' title='bbox 607 3847 759 3928; x_wconf 90' lang='lat' dir='ltr'>predialis</span> <span class='ocrx_word' id='word_1_270' title='bbox 782 3868 877 3931; x_wconf 88' lang='lat' dir='ltr'>super</span> <span class='ocrx_word' id='word_1_271' title='bbox 908 3848 1089 3910; x_wconf 81' lang='lat' dir='ltr'>attencione</span> <span class='ocrx_word' id='word_1_272' title='bbox 1122 3848 1162 3910; x_wconf 92' lang='lat' dir='ltr'>ad</span> <span class='ocrx_word' id='word_1_273' title='bbox 1187 3848 1316 3910; x_wconf 88' lang='lat' dir='ltr'>eosdem</span> <span class='ocrx_word' id='word_1_274' title='bbox 1343 3848 1412 3910; x_wconf 90' lang='lat' dir='ltr'>dies</span> <span class='ocrx_word' id='word_1_275' title='bbox 1435 3848 1489 3910; x_wconf 87' lang='lat' dir='ltr'>ha·</span> 
     </span>
     <span class='ocr_line' id='line_1_34' title="bbox 229 3951 930 4035; baseline 0.003 -19"><span class='ocrx_word' id='word_1_276' title='bbox 229 3955 299 4016; x_wconf 93' lang='lat' dir='ltr'>buit</span> <span class='ocrx_word' id='word_1_277' title='bbox 322 3973 380 4035; x_wconf 92' lang='lat' dir='ltr'>pro</span> <span class='ocrx_word' id='word_1_278' title='bbox 405 3954 596 4017; x_wconf 87' lang='lat' dir='ltr'>salario...</span> <span class='ocrx_word' id='word_1_279' title='bbox 623 3954 690 4017; x_wconf 88' lang='lat' dir='ltr'>flor.</span> <span class='ocrx_word' id='word_1_280' title='bbox 714 3951 738 4018; x_wconf 91' lang='lat' dir='ltr'>l.</span> <span class='ocrx_word' id='word_1_281' title='bbox 764 3954 837 4019; x_wconf 92' lang='lat' dir='ltr'>den.</span> <span class='ocrx_word' id='word_1_282' title='bbox 862 3952 930 4018; x_wconf 91' lang='lat' dir='ltr'>XX.</span> 
     </span>
    </p>

    <p class='ocr_par' dir='ltr' id='par_1_15' title="bbox 225 4060 1491 4357">
     <span class='ocr_line' id='line_1_35' title="bbox 333 4060 1491 4147; baseline 0.002 -26"><span class='ocrx_word' id='word_1_283' title='bbox 333 4060 410 4122; x_wconf 90' lang='lat' dir='ltr'>ltem</span> <span class='ocrx_word' id='word_1_284' title='bbox 436 4076 553 4121; x_wconf 91' lang='lat' dir='ltr'>eotunc</span> <span class='ocrx_word' id='word_1_285' title='bbox 578 4060 705 4121; x_wconf 91' lang='lat' dir='ltr'>duobus</span> <span class='ocrx_word' id='word_1_286' title='bbox 739 4061 975 4122; x_wconf 87' lang='lat' dir='ltr'>laboratoribus</span> <span class='ocrx_word' id='word_1_287' title='bbox 1008 4060 1160 4123; x_wconf 82' lang='lat' dir='ltr'>videlicet</span> <span class='ocrx_word' id='word_1_288' title='bbox 1184 4062 1319 4123; x_wconf 93' lang='lat' dir='ltr'>Nicolao</span> <span class='ocrx_word' id='word_1_289' title='bbox 1344 4061 1491 4147; x_wconf 85' lang='lat' dir='ltr'>thoyko</span> 
     </span>
     <span class='ocr_line' id='line_1_36' title="bbox 227 4165 1490 4251; baseline 0 -23"><span class='ocrx_word' id='word_1_290' title='bbox 227 4181 257 4228; x_wconf 93' lang='lat' dir='ltr'>et</span> <span class='ocrx_word' id='word_1_291' title='bbox 282 4166 412 4228; x_wconf 83' lang='lat' dir='ltr'>Thomu</span> <span class='ocrx_word' id='word_1_292' title='bbox 439 4167 580 4251; x_wconf 71' lang='lat' dir='ltr'>liazrych</span> <span class='ocrx_word' id='word_1_293' title='bbox 607 4165 792 4228; x_wconf 91' lang='lat' dir='ltr'>infractura</span> <span class='ocrx_word' id='word_1_294' title='bbox 819 4167 964 4247; x_wconf 88' lang='lat' dir='ltr'>lapidum</span> <span class='ocrx_word' id='word_1_295' title='bbox 982 4166 1204 4229; x_wconf 89' lang='lat' dir='ltr'>laborantibus</span> <span class='ocrx_word' id='word_1_296' title='bbox 1228 4181 1259 4228; x_wconf 95' lang='lat' dir='ltr'>et</span> <span class='ocrx_word' id='word_1_297' title='bbox 1275 4167 1399 4249; x_wconf 90' lang='lat' dir='ltr'>lapides</span> <span class='ocrx_word' id='word_1_298' title='bbox 1416 4186 1490 4228; x_wconf 92' lang='lat' dir='ltr'>con·</span> 
     </span>
     <span class='ocr_line' id='line_1_37' title="bbox 225 4272 1403 4357; baseline 0 -19"><span class='ocrx_word' id='word_1_299' title='bbox 225 4276 443 4357; x_wconf 78' lang='lat' dir='ltr'>gregantibus‚</span> <span class='ocrx_word' id='word_1_300' title='bbox 467 4274 507 4335; x_wconf 94' lang='lat' dir='ltr'>ad</span> <span class='ocrx_word' id='word_1_301' title='bbox 534 4275 602 4336; x_wconf 91' lang='lat' dir='ltr'>dies</span> <span class='ocrx_word' id='word_1_302' title='bbox 626 4274 799 4335; x_wconf 88' lang='lat' dir='ltr'>duodecim</span> <span class='ocrx_word' id='word_1_303' title='bbox 825 4274 889 4335; x_wconf 91' lang='lat' dir='ltr'>dati</span> <span class='ocrx_word' id='word_1_304' title='bbox 915 4287 1065 4338; x_wconf 90' lang='lat' dir='ltr'>sunt...</span> <span class='ocrx_word' id='word_1_305' title='bbox 1098 4273 1166 4337; x_wconf 89' lang='lat' dir='ltr'>flor.</span> <span class='ocrx_word' id='word_1_306' title='bbox 1191 4274 1211 4337; x_wconf 95' lang='lat' dir='ltr'>l.</span> <span class='ocrx_word' id='word_1_307' title='bbox 1237 4274 1310 4337; x_wconf 92' lang='lat' dir='ltr'>den.</span> <span class='ocrx_word' id='word_1_308' title='bbox 1335 4272 1403 4338; x_wconf 91' lang='lat' dir='ltr'>XX.</span> 
     </span>
    </p>

    <p class='ocr_par' dir='ltr' id='par_1_16' title="bbox 228 4380 1491 4552">
     <span class='ocr_line' id='line_1_38' title="bbox 335 4380 1491 4464; baseline -0.002 -20"><span class='ocrx_word' id='word_1_309' title='bbox 335 4383 412 4444; x_wconf 89' lang='lat' dir='ltr'>ltem</span> <span class='ocrx_word' id='word_1_310' title='bbox 438 4397 555 4443; x_wconf 88' lang='lat' dir='ltr'>eotunc</span> <span class='ocrx_word' id='word_1_311' title='bbox 588 4380 748 4443; x_wconf 88' lang='lat' dir='ltr'>Clementi</span> <span class='ocrx_word' id='word_1_312' title='bbox 776 4381 1009 4464; x_wconf 89' lang='lat' dir='ltr'>Bozyakouecz</span> <span class='ocrx_word' id='word_1_313' title='bbox 1042 4400 1100 4462; x_wconf 90' lang='lat' dir='ltr'>pro</span> <span class='ocrx_word' id='word_1_314' title='bbox 1131 4381 1241 4442; x_wconf 88' lang='lat' dir='ltr'>decem</span> <span class='ocrx_word' id='word_1_315' title='bbox 1267 4382 1343 4443; x_wconf 87' lang='lat' dir='ltr'>rinis</span> <span class='ocrx_word' id='word_1_316' title='bbox 1367 4383 1491 4460; x_wconf 87' lang='lat' dir='ltr'>fiendis,</span> 
     </span>
     <span class='ocr_line' id='line_1_39' title="bbox 228 4486 653 4552; baseline 0.002 -2"><span class='ocrx_word' id='word_1_317' title='bbox 228 4489 292 4550; x_wconf 92' lang='lat' dir='ltr'>dati</span> <span class='ocrx_word' id='word_1_318' title='bbox 317 4503 466 4551; x_wconf 85' lang='lat' dir='ltr'>sunt...</span> <span class='ocrx_word' id='word_1_319' title='bbox 492 4489 564 4552; x_wconf 92' lang='lat' dir='ltr'>den.</span> <span class='ocrx_word' id='word_1_320' title='bbox 588 4486 653 4551; x_wconf 88' lang='lat' dir='ltr'>XL.</span> 
     </span>
    </p>

    <p class='ocr_par' dir='ltr' id='par_1_17' title="bbox 228 4594 1493 4784">
     <span class='ocr_line' id='line_1_40' title="bbox 338 4594 1490 4676; baseline -0.001 -19"><span class='ocrx_word' id='word_1_321' title='bbox 338 4597 415 4658; x_wconf 88' lang='lat' dir='ltr'>ltem</span> <span class='ocrx_word' id='word_1_322' title='bbox 451 4611 569 4657; x_wconf 89' lang='lat' dir='ltr'>eotunc</span> <span class='ocrx_word' id='word_1_323' title='bbox 606 4596 745 4657; x_wconf 81' lang='lat' dir='ltr'>Marrino</span> <span class='ocrx_word' id='word_1_324' title='bbox 780 4594 949 4676; x_wconf 81' lang='lat' dir='ltr'>tegulatori</span> <span class='ocrx_word' id='word_1_325' title='bbox 985 4614 1043 4675; x_wconf 93' lang='lat' dir='ltr'>pro</span> <span class='ocrx_word' id='word_1_326' title='bbox 1068 4595 1203 4675; x_wconf 90' lang='lat' dir='ltr'>pristino</span> <span class='ocrx_word' id='word_1_327' title='bbox 1233 4615 1292 4657; x_wconf 90' lang='lat' dir='ltr'>suo</span> <span class='ocrx_word' id='word_1_328' title='bbox 1324 4596 1433 4656; x_wconf 87' lang='lat' dir='ltr'>debito</span> <span class='ocrx_word' id='word_1_329' title='bbox 1459 4597 1490 4656; x_wconf 89' lang='lat' dir='ltr'>in</span> 
     </span>
     <span class='ocr_line' id='line_1_41' title="bbox 228 4701 1493 4784; baseline 0.003 -21"><span class='ocrx_word' id='word_1_330' title='bbox 228 4701 349 4766; x_wconf 80' lang='lat' dir='ltr'>factura</span> <span class='ocrx_word' id='word_1_331' title='bbox 385 4702 507 4765; x_wconf 87' lang='lat' dir='ltr'>calciae</span> <span class='ocrx_word' id='word_1_332' title='bbox 543 4703 704 4784; x_wconf 86' lang='lat' dir='ltr'>reservita‚</span> <span class='ocrx_word' id='word_1_333' title='bbox 740 4701 832 4766; x_wconf 81' lang='lat' dir='ltr'>datus</span> <span class='ocrx_word' id='word_1_334' title='bbox 878 4721 915 4763; x_wconf 81' lang='lat' dir='ltr'>ex</span> <span class='ocrx_word' id='word_1_335' title='bbox 951 4702 1177 4764; x_wconf 88' lang='lat' dir='ltr'>commissione</span> <span class='ocrx_word' id='word_1_336' title='bbox 1213 4703 1493 4767; x_wconf 87' lang='lat' dir='ltr'>dominorum...</span> 
     </span>
    </p>
   </div>
   <div class='ocr_carea' id='block_1_3' title="bbox 229 4805 353 4874">
    <p class='ocr_par' dir='ltr' id='par_1_18' title="bbox 229 4805 353 4874">
     <span class='ocr_line' id='line_1_42' title="bbox 229 4805 353 4874; baseline 0.024 -3"><span class='ocrx_word' id='word_1_337' title='bbox 229 4806 299 4873; x_wconf 90' lang='lat' dir='ltr'>flor.</span> <span class='ocrx_word' id='word_1_338' title='bbox 331 4805 353 4874; x_wconf 90' lang='lat' dir='ltr'>l.</span> 
     </span>
    </p>
   </div>
   <div class='ocr_carea' id='block_1_4' title="bbox 0 0 1722 5256">
    <p class='ocr_par' dir='ltr' id='par_1_19' title="bbox 0 0 1722 5256">
     <span class='ocr_line' id='line_1_43' title="bbox 0 0 1722 5256; baseline 0 0"><span class='ocrx_word' id='word_1_339' title='bbox 0 0 1722 5256; x_wconf 95' lang='lat' dir='ltr'> </span> 
     </span>
    </p>
   </div>
  </div>
 </body>
</html>
