3428 5256
606 1368 735 1470 (Auno
761 1366 918 1457 Domini
945 1365 1164 1467 omnm.)

224 1708 330 1784 Anno
363 1706 504 1783 Domini
525 1709 713 1784 millesimo
734 1708 1023 1809 quingentesimo
1052 1708 1230 1807 vigesimo
1251 1720 1367 1801 sexto,
1396 1719 1484 1785 tem-

201 1830 314 1934 'pore
333 1834 501 1909 videlicet
525 1832 709 1932 judicatus
727 1833 840 1934 primi,
868 1834 1119 1932 circumspecti
1140 1830 1313 1934 Stephani
1332 1832 1485 1909 aurificis

225 1956 286 2034 lilii
307 1958 499 2048 Michaelis,
520 1958 681 2033 moderni
704 1955 834 2055 judicis
859 1958 985 2048 nostri,
1013 1980 1164 2058 presens
1189 1957 1398 2033 kathernum
1428 1964 1486 2033 est

227 2083 467 2183 conscriptum
504 2082 612 2158 modo
657 2089 696 2156 et
733 2080 858 2156 ordine
895 2089 1003 2180 prout
1039 2088 1164 2180 patet,
1201 2080 1291 2157 feria
1328 2081 1486 2156 secunda

227 2207 390 2306 proxima
427 2213 510 2281 ante
553 2204 685 2281 festum
719 2202 986 2280 Purificacionis
1023 2205 1132 2280 beate
1172 2204 1282 2280 llarie
1323 2205 1491 2304 virginis·

735 2431 797 2498 (29.
814 2418 980 2495 januarii).

332 2559 429 2634 Quod
448 2578 520 2620 cum
538 2579 596 2621 nos
613 2579 670 2641 pro
691 2559 900 2641 expediendis
917 2559 1009 2621 certis
1027 2559 1169 2639 negociis
1193 2559 1309 2620 nostris
1333 2559 1364 2620 in
1382 2559 1485 2620 consi·

226 2667 324 2728 stotio
342 2680 450 2728 nostro
464 2666 549 2728 sedis
573 2681 681 2728 nostre
695 2665 862 2746 judiciarie
886 2666 1153 2745 consedissemus,
1170 2680 1245 2728 tunc
1259 2666 1486 2748 circumspecta

226 2788 257 2833 et
269 2773 401 2834 honesta
420 2773 550 2834 domina
570 2772 733 2834 Dorothea
757 2772 953 2835 conthoralis
974 2773 1130 2853 legittima
1144 2773 1363 2854 circumspecti
1382 2788 1412 2833 et
1429 2773 1485 2834 ho·

226 2879 306 2940 nesti
331 2879 388 2940 viri
415 2879 568 2960 Stephani
593 2878 731 2940 aurificis
754 2878 846 2939 aliter
864 2877 1019 2939 Horwath
1045 2878 1120 2940 dicti
1148 2878 1293 2939 moderni
1319 2877 1432 2957 judicis
1456 2892 1486 2940 et

226 2985 367 3047 concivis
391 2987 489 3047 nostri
515 2985 555 3046 ad
580 3000 721 3046 nostram
739 2985 950 3066 personaliter
968 2986 1102 3047 veniens
1119 2984 1318 3066 presenciam
1343 2983 1423 3046 lassa
1441 2999 1487 3047 est

225 3092 257 3153 in
282 3093 367 3153 hunc
394 3092 545 3153 modum:
570 3106 605 3152 ut
629 3092 695 3172 ipsa
721 3093 885 3172 quandam
914 3092 1048 3153 domum
1073 3110 1163 3153 suam
1188 3092 1304 3173 partim
1328 3106 1485 3153 muratam

225 3218 297 3261 cum
323 3198 453 3259 cellario
477 3198 625 3260 similiter
649 3213 786 3274 murato,
804 3198 984 3279 partimque
1009 3198 1107 3279 lignei
1132 3197 1248 3279 operis,
1273 3198 1389 3280 pariter
1413 3217 1486 3259 cum

226 3302 328 3365 lundo
354 3318 385 3365 et
409 3302 542 3364 edificiis
567 3304 597 3364 in
623 3304 706 3365 dicta
739 3304 867 3366 civitate
899 3302 1054 3381 habitam,
1087 3304 1169 3365 inter
1192 3303 1327 3365 domum
1352 3303 1486 3385 provide

225 3411 370 3472 mulieris
396 3411 495 3472 Lucia
520 3425 630 3471 vocate
654 3411 763 3472 relicte
788 3411 925 3472 condam
955 3409 1082 3472 Andree
1107 3410 1223 3470 sutoris
1247 3409 1326 3471 olim
1351 3410 1487 3471 senioris

225 3515 318 3595 jurati
344 3531 375 3579 et
399 3517 540 3578 concivis
565 3517 674 3593 nostri,
699 3537 717 3577 a
741 3516 945 3577 meridionali
980 3531 1067 3597 parte
1091 3532 1122 3578 et
1147 3517 1228 3577 inter
1253 3516 1387 3577 domum
1413 3536 1486 3599 pro·

224 3622 290 3683 vidi
315 3637 346 3685 et
379 3622 503 3683 honesti
536 3622 595 3682 viri
628 3622 756 3684 Thome
789 3623 937 3705 Bosnyalc
968 3623 1093 3701 vocati,
1124 3623 1271 3685 similiter
1294 3623 1486 3701 concivis,a

224 3730 475 3812 septemtrionali
508 3744 608 3810 parte,
633 3730 672 3789 ab
706 3730 854 3791 orientali
887 3729 992 3812 platea
1025 3730 1207 3791 communis
1239 3743 1270 3791 et
1294 3749 1395 3811 usque
1421 3729 1486 3812 pla·

223 3850 306 3897 team
334 3855 540 3896 communem
567 3856 675 3897 versus
700 3850 821 3917 partem
851 3836 1085 3897 occidentalem
1111 3856 1143 3897 se
1168 3835 1407 3912 extendentem,
1432 3835 1486 3896 ha·

225 3944 321 4003 bitarn
347 3957 378 4004 et
403 3943 601 4020 existentem,
627 3962 723 4004 uuam
742 3943 897 4023 integram
921 3943 1042 4004 curiam
1068 3942 1107 4003 ad
1126 3961 1218 4002 usum
1244 3942 1326 4004 dicte
1351 3942 1487 4004 civitatis

224 4050 255 4110 in
281 4068 314 4108 se
338 4049 570 4126 continentem,
603 4050 704 4130 ipsam
736 4050 855 4110 scilicet
888 4049 1053 4110 dominam
1084 4047 1282 4110 Dorotheam
1307 4069 1324 4109 a
1350 4049 1487 4129 provido

223 4168 253 4215 et
279 4153 413 4215 honesto
446 4155 584 4216 condam
610 4156 755 4218 lohanne
788 4170 895 4217 sutore
919 4156 1017 4238 priori
1051 4155 1166 4216 marito
1191 4174 1249 4216 suo
1272 4155 1340 4235 jure
1365 4175 1487 4216 succes-

222 4262 308 4322 sorio
340 4281 375 4322 ac
407 4263 670 4324 testamentaliter
702 4264 853 4345 legatam,
887 4277 1153 4339 concernentem,
1185 4261 1409 4344 prefatumque
1435 4263 1487 4324 Jo-

223 4367 361 4428 hanuem
387 4388 405 4428 a
430 4363 523 4429 nobis
547 4388 602 4429 seu
627 4371 858 4430 communitate
891 4383 998 4430 nostra
1032 4369 1210 4450 empcionis
1235 4368 1330 4430 titulo
1356 4388 1487 4431 concer-

224 4488 366 4551 nentem,
390 4474 486 4535 simul
512 4494 583 4535 cum
609 4475 761 4536 omnibus
789 4475 931 4537 eiusdem
964 4475 1091 4553 domus,
1116 4490 1149 4536 ut
1174 4474 1341 4557 prefertur,
1368 4475 1485 4536 utilita-

221 4580 317 4658 tibus,
342 4580 465 4660 juribus
489 4594 549 4642 etc.
566 4596 596 4641 et
613 4582 819 4663 pertinenciis
843 4582 999 4644 universis
1023 4580 1147 4664 prefato
1173 4582 1337 4664 Stephano
1362 4580 1485 4643 aurifici

221 4685 380 4748 moderno
404 4686 504 4767 judici
523 4700 643 4764 nostro,
668 4687 802 4750 domino
820 4702 851 4749 et
876 4689 990 4749 marito
1007 4707 1066 4750 suo
1090 4690 1132 4749 ob
1157 4708 1300 4750 amorem
1327 4688 1487 4751 sincerum

221 4790 401 4876 conjugalis
425 4793 613 4856 dileccionis
637 4792 787 4874 dedisset,
818 4794 979 4874 donasset,
1010 4794 1213 4878 propinasset
1235 4793 1304 4878 jure
1329 4807 1487 4878 perpetuo
