<?xml version="1.0" encoding="UTF-8"?>
<!DOCTYPE html PUBLIC "-//W3C//DTD XHTML 1.0 Transitional//EN"
    "http://www.w3.org/TR/xhtml1/DTD/xhtml1-transitional.dtd">
<html xmlns="http://www.w3.org/1999/xhtml" xml:lang="en" lang="en">
 <head>
  <title>
</title>
<meta http-equiv="Content-Type" content="text/html;charset=utf-8" />
  <meta name='ocr-system' content='tesseract 3.04.00' />
  <meta name='ocr-capabilities' content='ocr_page ocr_carea ocr_par ocr_line ocrx_word'/>
</head>
<body>
  <div class='ocr_page' id='page_1' title='image "./monumentahistor02laszgoog_0275.png"; bbox 0 0 3428 5256; ppageno 0'>
   <div class='ocr_carea' id='block_1_1' title="bbox 158 294 868 399">
    <p class='ocr_par' dir='ltr' id='par_1_1' title="bbox 158 294 868 399">
     <span class='ocr_line' id='line_1_1' title="bbox 158 294 868 399; baseline -0.001 -19"><span class='ocrx_word' id='word_1_1' title='bbox 158 339 222 399; x_wconf 83' lang='lat'>224</span> <span class='ocrx_word' id='word_1_2' title='bbox 655 294 661 311; x_wconf 45' lang='lat'>²</span> <span class='ocrx_word' id='word_1_3' title='bbox 720 319 868 379; x_wconf 80' lang='lat' dir='ltr'><em>Rationes.</em></span> 
     </span>
    </p>
   </div>
   <div class='ocr_carea' id='block_1_2' title="bbox 154 528 1461 4956">
    <p class='ocr_par' dir='ltr' id='par_1_2' title="bbox 156 528 1461 716">
     <span class='ocr_line' id='line_1_2' title="bbox 158 528 1461 611; baseline 0.005 -21"><span class='ocrx_word' id='word_1_4' title='bbox 158 529 197 591; x_wconf 88' lang='lat' dir='ltr'>de</span> <span class='ocrx_word' id='word_1_5' title='bbox 222 530 323 608; x_wconf 87' lang='lat' dir='ltr'>Italia,</span> <span class='ocrx_word' id='word_1_6' title='bbox 347 544 423 591; x_wconf 90' lang='lat' dir='ltr'>tunc</span> <span class='ocrx_word' id='word_1_7' title='bbox 456 528 614 611; x_wconf 85' lang='lat' dir='ltr'>apreciavi</span> <span class='ocrx_word' id='word_1_8' title='bbox 648 547 749 590; x_wconf 92' lang='lat' dir='ltr'>unum</span> <span class='ocrx_word' id='word_1_9' title='bbox 783 547 930 607; x_wconf 89' lang='lat' dir='ltr'>currum,</span> <span class='ocrx_word' id='word_1_10' title='bbox 961 528 1016 610; x_wconf 92' lang='lat' dir='ltr'>qui</span> <span class='ocrx_word' id='word_1_11' title='bbox 1041 528 1205 594; x_wconf 83' lang='lat' dir='ltr'>conduxit</span> <span class='ocrx_word' id='word_1_12' title='bbox 1233 552 1293 595; x_wconf 87' lang='lat' dir='ltr'>rea</span> <span class='ocrx_word' id='word_1_13' title='bbox 1319 532 1461 596; x_wconf 89' lang='lat' dir='ltr'>domini</span> 
     </span>
     <span class='ocr_line' id='line_1_3' title="bbox 156 632 1130 716; baseline 0.003 -22"><span class='ocrx_word' id='word_1_14' title='bbox 156 634 239 714; x_wconf 80' lang='lat' dir='ltr'>regis</span> <span class='ocrx_word' id='word_1_15' title='bbox 263 654 364 716; x_wconf 90' lang='lat' dir='ltr'>usque</span> <span class='ocrx_word' id='word_1_16' title='bbox 389 633 542 712; x_wconf 91' lang='lat' dir='ltr'>Crisium‚</span> <span class='ocrx_word' id='word_1_17' title='bbox 567 651 625 715; x_wconf 92' lang='lat' dir='ltr'>pro</span> <span class='ocrx_word' id='word_1_18' title='bbox 649 632 834 713; x_wconf 81' lang='lat' dir='ltr'>octuaginta</span> <span class='ocrx_word' id='word_1_19' title='bbox 857 632 971 694; x_wconf 83' lang='lat' dir='ltr'>solidis</span> <span class='ocrx_word' id='word_1_20' title='bbox 994 632 1130 715; x_wconf 80' lang='lat' dir='ltr'>maguis.</span> 
     </span>
    </p>

    <p class='ocr_par' dir='ltr' id='par_1_3' title="bbox 154 738 1457 928">
     <span class='ocr_line' id='line_1_4' title="bbox 262 738 1457 827; baseline 0.005 -26"><span class='ocrx_word' id='word_1_21' title='bbox 262 741 339 802; x_wconf 88' lang='lat' dir='ltr'>Item</span> <span class='ocrx_word' id='word_1_22' title='bbox 365 739 498 822; x_wconf 83' lang='lat' dir='ltr'>exposui</span> <span class='ocrx_word' id='word_1_23' title='bbox 532 758 627 821; x_wconf 87' lang='lat' dir='ltr'>super</span> <span class='ocrx_word' id='word_1_24' title='bbox 659 738 790 799; x_wconf 89' lang='lat' dir='ltr'>eosdem</span> <span class='ocrx_word' id='word_1_25' title='bbox 823 738 959 800; x_wconf 83' lang='lat' dir='ltr'>nuncios</span> <span class='ocrx_word' id='word_1_26' title='bbox 990 739 1114 801; x_wconf 92' lang='lat' dir='ltr'>domini</span> <span class='ocrx_word' id='word_1_27' title='bbox 1150 742 1245 825; x_wconf 78' lang='lat' dir='ltr'>regis</span> <span class='ocrx_word' id='word_1_28' title='bbox 1271 762 1383 827; x_wconf 83' lang='lat' dir='ltr'>super</span> <span class='ocrx_word' id='word_1_29' title='bbox 1407 764 1457 807; x_wconf 76' lang='lat' dir='ltr'>ae·</span> 
     </span>
     <span class='ocr_line' id='line_1_5' title="bbox 154 843 1077 928; baseline -0.002 -19"><span class='ocrx_word' id='word_1_30' title='bbox 154 849 259 909; x_wconf 85' lang='lat' dir='ltr'>decim</span> <span class='ocrx_word' id='word_1_31' title='bbox 283 866 384 928; x_wconf 87' lang='lat' dir='ltr'>equos</span> <span class='ocrx_word' id='word_1_32' title='bbox 408 861 438 906; x_wconf 91' lang='lat' dir='ltr'>et</span> <span class='ocrx_word' id='word_1_33' title='bbox 462 845 610 907; x_wconf 90' lang='lat' dir='ltr'>homines</span> <span class='ocrx_word' id='word_1_34' title='bbox 635 844 674 906; x_wconf 98' lang='lat' dir='ltr'>III</span> <span class='ocrx_word' id='word_1_35' title='bbox 699 843 768 908; x_wconf 89' lang='lat' dir='ltr'>flor.</span> <span class='ocrx_word' id='word_1_36' title='bbox 794 844 902 906; x_wconf 86' lang='lat' dir='ltr'>miuus</span> <span class='ocrx_word' id='word_1_37' title='bbox 926 844 979 907; x_wconf 97' lang='lat' dir='ltr'>IIII</span> <span class='ocrx_word' id='word_1_38' title='bbox 1004 844 1077 907; x_wconf 88' lang='lat' dir='ltr'>den.</span> 
     </span>
    </p>

    <p class='ocr_par' dir='ltr' id='par_1_4' title="bbox 160 948 1454 1141">
     <span class='ocr_line' id='line_1_6' title="bbox 261 948 1454 1038; baseline 0.003 -24"><span class='ocrx_word' id='word_1_39' title='bbox 261 954 340 1014; x_wconf 90' lang='lat' dir='ltr'>Item</span> <span class='ocrx_word' id='word_1_40' title='bbox 373 951 447 1012; x_wconf 90' lang='lat' dir='ltr'>dedi</span> <span class='ocrx_word' id='word_1_41' title='bbox 481 951 603 1013; x_wconf 78' lang='lat' dir='ltr'>Mathia</span> <span class='ocrx_word' id='word_1_42' title='bbox 635 949 727 1012; x_wconf 87' lang='lat' dir='ltr'>fabro</span> <span class='ocrx_word' id='word_1_43' title='bbox 757 949 831 1013; x_wconf 85' lang='lat' dir='ltr'>XVI</span> <span class='ocrx_word' id='word_1_44' title='bbox 855 950 949 1029; x_wconf 80' lang='lat' dir='ltr'>den,</span> <span class='ocrx_word' id='word_1_45' title='bbox 981 950 1037 1033; x_wconf 90' lang='lat' dir='ltr'>qui</span> <span class='ocrx_word' id='word_1_46' title='bbox 1067 948 1267 1015; x_wconf 83' lang='lat' dir='ltr'>reformavit</span> <span class='ocrx_word' id='word_1_47' title='bbox 1292 954 1454 1038; x_wconf 77' lang='lat' dir='ltr'>liogvam</span> 
     </span>
     <span class='ocr_line' id='line_1_7' title="bbox 160 1056 567 1141; baseline -0.005 -21"><span class='ocrx_word' id='word_1_48' title='bbox 160 1078 314 1141; x_wconf 89' lang='lat' dir='ltr'>campane</span> <span class='ocrx_word' id='word_1_49' title='bbox 340 1058 448 1119; x_wconf 87' lang='lat' dir='ltr'>Starcz</span> <span class='ocrx_word' id='word_1_50' title='bbox 473 1056 567 1118; x_wconf 87' lang='lat' dir='ltr'>dicte.</span> 
     </span>
    </p>

    <p class='ocr_par' dir='ltr' id='par_1_5' title="bbox 163 1161 1452 1352">
     <span class='ocr_line' id='line_1_8' title="bbox 262 1161 1452 1244; baseline 0.005 -20"><span class='ocrx_word' id='word_1_51' title='bbox 262 1164 339 1227; x_wconf 88' lang='lat' dir='ltr'>Item</span> <span class='ocrx_word' id='word_1_52' title='bbox 366 1163 440 1224; x_wconf 94' lang='lat' dir='ltr'>dedi</span> <span class='ocrx_word' id='word_1_53' title='bbox 465 1163 639 1224; x_wconf 83' lang='lat' dir='ltr'>DomInico</span> <span class='ocrx_word' id='word_1_54' title='bbox 663 1161 757 1224; x_wconf 88' lang='lat' dir='ltr'>latori</span> <span class='ocrx_word' id='word_1_55' title='bbox 782 1162 869 1222; x_wconf 92' lang='lat' dir='ltr'>LXX</span> <span class='ocrx_word' id='word_1_56' title='bbox 894 1162 979 1240; x_wconf 78' lang='lat' dir='ltr'>den,</span> <span class='ocrx_word' id='word_1_57' title='bbox 996 1161 1051 1244; x_wconf 93' lang='lat' dir='ltr'>qui</span> <span class='ocrx_word' id='word_1_58' title='bbox 1076 1161 1264 1227; x_wconf 75' lang='lat' dir='ltr'>ambulavit</span> <span class='ocrx_word' id='word_1_59' title='bbox 1291 1166 1336 1228; x_wconf 80' lang='lat' dir='ltr'>ad</span> <span class='ocrx_word' id='word_1_60' title='bbox 1365 1168 1452 1230; x_wconf 80' lang='lat' dir='ltr'>Wa-</span> 
     </span>
     <span class='ocr_line' id='line_1_9' title="bbox 163 1269 856 1352; baseline 0 -22"><span class='ocrx_word' id='word_1_61' title='bbox 163 1271 245 1348; x_wconf 87' lang='lat' dir='ltr'>rasd‚</span> <span class='ocrx_word' id='word_1_62' title='bbox 270 1269 479 1352; x_wconf 86' lang='lat' dir='ltr'>expurgando</span> <span class='ocrx_word' id='word_1_63' title='bbox 504 1288 562 1330; x_wconf 91' lang='lat' dir='ltr'>nos</span> <span class='ocrx_word' id='word_1_64' title='bbox 587 1281 717 1350; x_wconf 90' lang='lat' dir='ltr'>propter</span> <span class='ocrx_word' id='word_1_65' title='bbox 740 1281 856 1330; x_wconf 77' lang='lat' dir='ltr'>taram.</span> 
     </span>
    </p>

    <p class='ocr_par' dir='ltr' id='par_1_6' title="bbox 157 1374 1451 1662">
     <span class='ocr_line' id='line_1_10' title="bbox 264 1374 1451 1457; baseline 0.007 -21"><span class='ocrx_word' id='word_1_66' title='bbox 264 1375 343 1436; x_wconf 88' lang='lat' dir='ltr'>Item</span> <span class='ocrx_word' id='word_1_67' title='bbox 369 1374 442 1435; x_wconf 91' lang='lat' dir='ltr'>dedi</span> <span class='ocrx_word' id='word_1_68' title='bbox 468 1375 568 1436; x_wconf 88' lang='lat' dir='ltr'>tribus</span> <span class='ocrx_word' id='word_1_69' title='bbox 590 1374 807 1457; x_wconf 82' lang='lat' dir='ltr'>carpentariis,</span> <span class='ocrx_word' id='word_1_70' title='bbox 831 1374 887 1455; x_wconf 92' lang='lat' dir='ltr'>qui</span> <span class='ocrx_word' id='word_1_71' title='bbox 905 1374 1131 1435; x_wconf 88' lang='lat' dir='ltr'>laboraverunt</span> <span class='ocrx_word' id='word_1_72' title='bbox 1155 1392 1213 1456; x_wconf 88' lang='lat' dir='ltr'>per</span> <span class='ocrx_word' id='word_1_73' title='bbox 1238 1374 1332 1439; x_wconf 88' lang='lat' dir='ltr'>duos</span> <span class='ocrx_word' id='word_1_74' title='bbox 1361 1380 1451 1455; x_wconf 82' lang='lat' dir='ltr'>dies,</span> 
     </span>
     <span class='ocr_line' id='line_1_11' title="bbox 158 1479 1451 1571; baseline 0.008 -31"><span class='ocrx_word' id='word_1_75' title='bbox 158 1480 246 1562; x_wconf 92' lang='lat' dir='ltr'>quod</span> <span class='ocrx_word' id='word_1_76' title='bbox 273 1479 347 1541; x_wconf 90' lang='lat' dir='ltr'>facit</span> <span class='ocrx_word' id='word_1_77' title='bbox 372 1480 398 1542; x_wconf 94' lang='lat' dir='ltr'>C</span> <span class='ocrx_word' id='word_1_78' title='bbox 425 1482 531 1541; x_wconf 87' lang='lat' dir='ltr'>minus</span> <span class='ocrx_word' id='word_1_79' title='bbox 556 1480 608 1542; x_wconf 97' lang='lat' dir='ltr'>IIII</span> <span class='ocrx_word' id='word_1_80' title='bbox 633 1481 718 1557; x_wconf 81' lang='lat' dir='ltr'>den,</span> <span class='ocrx_word' id='word_1_81' title='bbox 751 1481 806 1562; x_wconf 93' lang='lat' dir='ltr'>qui</span> <span class='ocrx_word' id='word_1_82' title='bbox 832 1480 1059 1542; x_wconf 88' lang='lat' dir='ltr'>laboraverunt</span> <span class='ocrx_word' id='word_1_83' title='bbox 1082 1492 1169 1541; x_wconf 84' lang='lat' dir='ltr'>extra</span> <span class='ocrx_word' id='word_1_84' title='bbox 1192 1495 1330 1562; x_wconf 87' lang='lat' dir='ltr'>portam</span> <span class='ocrx_word' id='word_1_85' title='bbox 1359 1486 1451 1571; x_wconf 87' lang='lat' dir='ltr'>Iapi-</span> 
     </span>
     <span class='ocr_line' id='line_1_12' title="bbox 157 1586 1069 1662; baseline 0.003 -17"><span class='ocrx_word' id='word_1_86' title='bbox 157 1586 262 1662; x_wconf 89' lang='lat' dir='ltr'>deam,</span> <span class='ocrx_word' id='word_1_87' title='bbox 288 1586 340 1647; x_wconf 85' lang='lat' dir='ltr'>ubi</span> <span class='ocrx_word' id='word_1_88' title='bbox 367 1586 515 1647; x_wconf 80' lang='lat' dir='ltr'>custodes</span> <span class='ocrx_word' id='word_1_89' title='bbox 539 1586 652 1648; x_wconf 87' lang='lat' dir='ltr'>sedent</span> <span class='ocrx_word' id='word_1_90' title='bbox 676 1587 706 1647; x_wconf 92' lang='lat' dir='ltr'>in</span> <span class='ocrx_word' id='word_1_91' title='bbox 732 1586 867 1647; x_wconf 88' lang='lat' dir='ltr'>circuitu</span> <span class='ocrx_word' id='word_1_92' title='bbox 892 1604 1069 1648; x_wconf 89' lang='lat' dir='ltr'>murorum.</span> 
     </span>
    </p>

    <p class='ocr_par' dir='ltr' id='par_1_7' title="bbox 667 1689 1394 1759">
     <span class='ocr_line' id='line_1_13' title="bbox 667 1689 1394 1759; baseline 0.01 -7"><span class='ocrx_word' id='word_1_93' title='bbox 667 1692 799 1753; x_wconf 92' lang='lat' dir='ltr'>Summa</span> <span class='ocrx_word' id='word_1_94' title='bbox 826 1690 901 1752; x_wconf 89' lang='lat' dir='ltr'>lacit</span> <span class='ocrx_word' id='word_1_95' title='bbox 925 1692 967 1752; x_wconf 98' lang='lat' dir='ltr'>XI</span> <span class='ocrx_word' id='word_1_96' title='bbox 1001 1692 1070 1754; x_wconf 90' lang='lat' dir='ltr'>flor.</span> <span class='ocrx_word' id='word_1_97' title='bbox 1096 1689 1282 1753; x_wconf 88' lang='lat' dir='ltr'>CCCXXX</span> <span class='ocrx_word' id='word_1_98' title='bbox 1310 1694 1394 1759; x_wconf 91' lang='lat' dir='ltr'>den.</span> 
     </span>
    </p>

    <p class='ocr_par' dir='ltr' id='par_1_8' title="bbox 159 1796 1450 1969">
     <span class='ocr_line' id='line_1_14' title="bbox 265 1796 1450 1865; baseline 0.004 -5"><span class='ocrx_word' id='word_1_99' title='bbox 265 1799 341 1860; x_wconf 89' lang='lat' dir='ltr'>Item</span> <span class='ocrx_word' id='word_1_100' title='bbox 375 1798 438 1858; x_wconf 92' lang='lat' dir='ltr'>emi</span> <span class='ocrx_word' id='word_1_101' title='bbox 471 1817 572 1858; x_wconf 91' lang='lat' dir='ltr'>unum</span> <span class='ocrx_word' id='word_1_102' title='bbox 605 1817 733 1858; x_wconf 89' lang='lat' dir='ltr'>currum</span> <span class='ocrx_word' id='word_1_103' title='bbox 766 1817 906 1859; x_wconf 89' lang='lat' dir='ltr'>asserum</span> <span class='ocrx_word' id='word_1_104' title='bbox 946 1797 1060 1859; x_wconf 84' lang='lat' dir='ltr'>LXXII</span> <span class='ocrx_word' id='word_1_105' title='bbox 1096 1796 1170 1860; x_wconf 87' lang='lat' dir='ltr'>den.</span> <span class='ocrx_word' id='word_1_106' title='bbox 1203 1796 1284 1859; x_wconf 89' lang='lat' dir='ltr'>Item</span> <span class='ocrx_word' id='word_1_107' title='bbox 1325 1801 1450 1865; x_wconf 81' lang='lat' dir='ltr'>clavos</span> 
     </span>
     <span class='ocr_line' id='line_1_15' title="bbox 159 1904 788 1969; baseline 0.002 -2"><span class='ocrx_word' id='word_1_108' title='bbox 159 1906 289 1967; x_wconf 87' lang='lat' dir='ltr'>XLVIII</span> <span class='ocrx_word' id='word_1_109' title='bbox 314 1906 386 1966; x_wconf 89' lang='lat' dir='ltr'>den.</span> <span class='ocrx_word' id='word_1_110' title='bbox 413 1904 490 1965; x_wconf 88' lang='lat' dir='ltr'>Item</span> <span class='ocrx_word' id='word_1_111' title='bbox 519 1906 625 1966; x_wconf 88' lang='lat' dir='ltr'>trabes</span> <span class='ocrx_word' id='word_1_112' title='bbox 648 1904 689 1966; x_wconf 95' lang='lat' dir='ltr'>VI</span> <span class='ocrx_word' id='word_1_113' title='bbox 715 1905 788 1969; x_wconf 88' lang='lat' dir='ltr'>den.</span> 
     </span>
    </p>

    <p class='ocr_par' dir='ltr' id='par_1_9' title="bbox 260 2008 860 2091">
     <span class='ocr_line' id='line_1_16' title="bbox 260 2008 860 2091; baseline 0 -18"><span class='ocrx_word' id='word_1_114' title='bbox 260 2008 340 2073; x_wconf 88' lang='lat' dir='ltr'>Item</span> <span class='ocrx_word' id='word_1_115' title='bbox 366 2011 429 2071; x_wconf 91' lang='lat' dir='ltr'>emi</span> <span class='ocrx_word' id='word_1_116' title='bbox 456 2010 531 2091; x_wconf 87' lang='lat' dir='ltr'>Ipsis</span> <span class='ocrx_word' id='word_1_117' title='bbox 555 2009 595 2071; x_wconf 91' lang='lat' dir='ltr'>de</span> <span class='ocrx_word' id='word_1_118' title='bbox 620 2011 697 2071; x_wconf 90' lang='lat' dir='ltr'>viuo</span> <span class='ocrx_word' id='word_1_119' title='bbox 721 2010 761 2071; x_wconf 98' lang='lat' dir='ltr'>VI</span> <span class='ocrx_word' id='word_1_120' title='bbox 787 2010 860 2074; x_wconf 88' lang='lat' dir='ltr'>den.</span> 
     </span>
    </p>

    <p class='ocr_par' dir='ltr' id='par_1_10' title="bbox 157 2114 1444 2304">
     <span class='ocr_line' id='line_1_17' title="bbox 262 2114 1444 2201; baseline 0.006 -23"><span class='ocrx_word' id='word_1_121' title='bbox 262 2117 339 2178; x_wconf 86' lang='lat' dir='ltr'>Item</span> <span class='ocrx_word' id='word_1_122' title='bbox 364 2116 439 2177; x_wconf 89' lang='lat' dir='ltr'>dedi</span> <span class='ocrx_word' id='word_1_123' title='bbox 473 2114 634 2177; x_wconf 88' lang='lat' dir='ltr'>Clementi</span> <span class='ocrx_word' id='word_1_124' title='bbox 669 2114 759 2177; x_wconf 88' lang='lat' dir='ltr'>labro</span> <span class='ocrx_word' id='word_1_125' title='bbox 792 2117 850 2177; x_wconf 91' lang='lat' dir='ltr'>XL</span> <span class='ocrx_word' id='word_1_126' title='bbox 883 2116 973 2195; x_wconf 83' lang='lat' dir='ltr'>den,</span> <span class='ocrx_word' id='word_1_127' title='bbox 1005 2114 1061 2198; x_wconf 90' lang='lat' dir='ltr'>qui</span> <span class='ocrx_word' id='word_1_128' title='bbox 1093 2114 1252 2177; x_wconf 89' lang='lat' dir='ltr'>laboravit</span> <span class='ocrx_word' id='word_1_129' title='bbox 1275 2114 1444 2201; x_wconf 80' lang='lat' dir='ltr'>liugnam</span> 
     </span>
     <span class='ocr_line' id='line_1_18' title="bbox 157 2242 462 2304; baseline 0.003 -21"><span class='ocrx_word' id='word_1_130' title='bbox 157 2243 272 2304; x_wconf 86' lang='lat' dir='ltr'>magne</span> <span class='ocrx_word' id='word_1_131' title='bbox 298 2242 462 2304; x_wconf 89' lang='lat' dir='ltr'>campane.</span> 
     </span>
    </p>

    <p class='ocr_par' dir='ltr' id='par_1_11' title="bbox 159 2325 1444 2498">
     <span class='ocr_line' id='line_1_19' title="bbox 261 2325 1444 2409; baseline 0.005 -20"><span class='ocrx_word' id='word_1_132' title='bbox 261 2329 337 2390; x_wconf 88' lang='lat' dir='ltr'>Item</span> <span class='ocrx_word' id='word_1_133' title='bbox 363 2329 436 2388; x_wconf 90' lang='lat' dir='ltr'>dedi</span> <span class='ocrx_word' id='word_1_134' title='bbox 464 2348 528 2389; x_wconf 93' lang='lat' dir='ltr'>uno</span> <span class='ocrx_word' id='word_1_135' title='bbox 554 2329 753 2409; x_wconf 88' lang='lat' dir='ltr'>carpentario</span> <span class='ocrx_word' id='word_1_136' title='bbox 778 2328 863 2388; x_wconf 95' lang='lat' dir='ltr'>XIIII</span> <span class='ocrx_word' id='word_1_137' title='bbox 890 2328 962 2394; x_wconf 91' lang='lat' dir='ltr'>den.</span> <span class='ocrx_word' id='word_1_138' title='bbox 987 2327 1041 2409; x_wconf 89' lang='lat' dir='ltr'>qui</span> <span class='ocrx_word' id='word_1_139' title='bbox 1060 2325 1218 2389; x_wconf 88' lang='lat' dir='ltr'>laboravit</span> <span class='ocrx_word' id='word_1_140' title='bbox 1233 2326 1266 2387; x_wconf 85' lang='lat' dir='ltr'>In</span> <span class='ocrx_word' id='word_1_141' title='bbox 1284 2327 1444 2395; x_wconf 89' lang='lat' dir='ltr'>circuitu</span> 
     </span>
     <span class='ocr_line' id='line_1_20' title="bbox 159 2435 692 2498; baseline 0 -2"><span class='ocrx_word' id='word_1_142' title='bbox 159 2454 285 2496; x_wconf 93' lang='lat' dir='ltr'>murum</span> <span class='ocrx_word' id='word_1_143' title='bbox 319 2454 391 2494; x_wconf 89' lang='lat' dir='ltr'>cum</span> <span class='ocrx_word' id='word_1_144' title='bbox 418 2435 545 2495; x_wconf 77' lang='lat' dir='ltr'>Andrca</span> <span class='ocrx_word' id='word_1_145' title='bbox 574 2448 692 2498; x_wconf 89' lang='lat' dir='ltr'>sutore.</span> 
     </span>
    </p>

    <p class='ocr_par' dir='ltr' id='par_1_12' title="bbox 264 2536 1442 2622">
     <span class='ocr_line' id='line_1_21' title="bbox 264 2536 1442 2622; baseline 0.004 -21"><span class='ocrx_word' id='word_1_146' title='bbox 264 2541 340 2602; x_wconf 91' lang='lat' dir='ltr'>Item</span> <span class='ocrx_word' id='word_1_147' title='bbox 367 2540 441 2602; x_wconf 92' lang='lat' dir='ltr'>dedi</span> <span class='ocrx_word' id='word_1_148' title='bbox 467 2540 594 2601; x_wconf 91' lang='lat' dir='ltr'>duobus</span> <span class='ocrx_word' id='word_1_149' title='bbox 613 2540 819 2622; x_wconf 83' lang='lat' dir='ltr'>carpentariis</span> <span class='ocrx_word' id='word_1_150' title='bbox 836 2558 891 2620; x_wconf 88' lang='lat' dir='ltr'>per</span> <span class='ocrx_word' id='word_1_151' title='bbox 908 2554 971 2600; x_wconf 89' lang='lat' dir='ltr'>tres</span> <span class='ocrx_word' id='word_1_152' title='bbox 988 2539 1057 2600; x_wconf 85' lang='lat' dir='ltr'>dies</span> <span class='ocrx_word' id='word_1_153' title='bbox 1074 2536 1132 2600; x_wconf 92' lang='lat' dir='ltr'>CX</span> <span class='ocrx_word' id='word_1_154' title='bbox 1149 2538 1256 2598; x_wconf 91' lang='lat' dir='ltr'>minus</span> <span class='ocrx_word' id='word_1_155' title='bbox 1281 2537 1339 2601; x_wconf 96' lang='lat' dir='ltr'>IIII</span> <span class='ocrx_word' id='word_1_156' title='bbox 1355 2543 1442 2610; x_wconf 87' lang='lat' dir='ltr'>den.</span> 
     </span>
    </p>

    <p class='ocr_par' dir='ltr' id='par_1_13' title="bbox 160 2642 1438 2838">
     <span class='ocr_line' id='line_1_22' title="bbox 265 2642 1433 2728; baseline 0.004 -21"><span class='ocrx_word' id='word_1_157' title='bbox 265 2647 340 2707; x_wconf 93' lang='lat' dir='ltr'>Item</span> <span class='ocrx_word' id='word_1_158' title='bbox 367 2646 440 2705; x_wconf 90' lang='lat' dir='ltr'>dedi</span> <span class='ocrx_word' id='word_1_159' title='bbox 460 2646 514 2706; x_wconf 89' lang='lat' dir='ltr'>uni</span> <span class='ocrx_word' id='word_1_160' title='bbox 539 2646 739 2728; x_wconf 91' lang='lat' dir='ltr'>carpentario</span> <span class='ocrx_word' id='word_1_161' title='bbox 757 2665 813 2726; x_wconf 92' lang='lat' dir='ltr'>per</span> <span class='ocrx_word' id='word_1_162' title='bbox 831 2647 912 2705; x_wconf 88' lang='lat' dir='ltr'>duos</span> <span class='ocrx_word' id='word_1_163' title='bbox 930 2645 998 2705; x_wconf 89' lang='lat' dir='ltr'>dies</span> <span class='ocrx_word' id='word_1_164' title='bbox 1016 2642 1129 2705; x_wconf 93' lang='lat' dir='ltr'>LXIIII</span> <span class='ocrx_word' id='word_1_165' title='bbox 1147 2644 1231 2721; x_wconf 64' lang='lat' dir='ltr'>den„</span> <span class='ocrx_word' id='word_1_166' title='bbox 1255 2648 1312 2724; x_wconf 92' lang='lat' dir='ltr'>qui</span> <span class='ocrx_word' id='word_1_167' title='bbox 1332 2645 1433 2712; x_wconf 89' lang='lat' dir='ltr'>labo·</span> 
     </span>
     <span class='ocr_line' id='line_1_23' title="bbox 160 2749 1438 2838; baseline 0.001 -24"><span class='ocrx_word' id='word_1_168' title='bbox 160 2755 240 2815; x_wconf 91' lang='lat' dir='ltr'>ravit</span> <span class='ocrx_word' id='word_1_169' title='bbox 266 2754 295 2812; x_wconf 93' lang='lat' dir='ltr'>in</span> <span class='ocrx_word' id='word_1_170' title='bbox 322 2752 459 2833; x_wconf 89' lang='lat' dir='ltr'>pallacio</span> <span class='ocrx_word' id='word_1_171' title='bbox 478 2752 570 2832; x_wconf 89' lang='lat' dir='ltr'>regis,</span> <span class='ocrx_word' id='word_1_172' title='bbox 592 2767 622 2813; x_wconf 93' lang='lat' dir='ltr'>et</span> <span class='ocrx_word' id='word_1_173' title='bbox 640 2752 670 2812; x_wconf 91' lang='lat' dir='ltr'>in</span> <span class='ocrx_word' id='word_1_174' title='bbox 688 2752 779 2829; x_wconf 82' lang='lat' dir='ltr'>turri,</span> <span class='ocrx_word' id='word_1_175' title='bbox 797 2764 827 2812; x_wconf 92' lang='lat' dir='ltr'>et</span> <span class='ocrx_word' id='word_1_176' title='bbox 844 2767 930 2812; x_wconf 83' lang='lat' dir='ltr'>extra</span> <span class='ocrx_word' id='word_1_177' title='bbox 948 2765 1072 2833; x_wconf 88' lang='lat' dir='ltr'>portam</span> <span class='ocrx_word' id='word_1_178' title='bbox 1091 2749 1275 2811; x_wconf 85' lang='lat' dir='ltr'>carnificum</span> <span class='ocrx_word' id='word_1_179' title='bbox 1293 2770 1438 2838; x_wconf 78' lang='lat' dir='ltr'>vereye.</span> 
     </span>
    </p>

    <p class='ocr_par' dir='ltr' id='par_1_14' title="bbox 159 2842 1432 3026">
     <span class='ocr_line' id='line_1_24' title="bbox 264 2842 1432 2938; baseline 0.004 -20"><span class='ocrx_word' id='word_1_180' title='bbox 264 2858 342 2920; x_wconf 88' lang='lat' dir='ltr'>Item</span> <span class='ocrx_word' id='word_1_181' title='bbox 368 2858 471 2938; x_wconf 82' lang='lat' dir='ltr'>recepi</span> <span class='ocrx_word' id='word_1_182' title='bbox 497 2877 513 2917; x_wconf 94' lang='lat' dir='ltr'>a</span> <span class='ocrx_word' id='word_1_183' title='bbox 540 2857 640 2919; x_wconf 87' lang='lat' dir='ltr'>Paulo</span> <span class='ocrx_word' id='word_1_184' title='bbox 667 2857 770 2918; x_wconf 89' lang='lat' dir='ltr'>iurato</span> <span class='ocrx_word' id='word_1_185' title='bbox 799 2870 937 2938; x_wconf 89' lang='lat' dir='ltr'>quatuor</span> <span class='ocrx_word' id='word_1_186' title='bbox 967 2870 1085 2917; x_wconf 89' lang='lat' dir='ltr'>statuas</span> <span class='ocrx_word' id='word_1_187' title='bbox 1110 2875 1167 2936; x_wconf 92' lang='lat' dir='ltr'>pro</span> <span class='ocrx_word' id='word_1_188' title='bbox 1193 2842 1323 2918; x_wconf 80' lang='lat' dir='ltr'>XLVIII</span> <span class='ocrx_word' id='word_1_189' title='bbox 1350 2859 1432 2927; x_wconf 89' lang='lat' dir='ltr'>den.</span> 
     </span>
     <span class='ocr_line' id='line_1_25' title="bbox 159 2966 344 3026; baseline 0 0"><span class='ocrx_word' id='word_1_190' title='bbox 159 2966 197 3026; x_wconf 90' lang='lat' dir='ltr'>ad</span> <span class='ocrx_word' id='word_1_191' title='bbox 225 2985 344 3026; x_wconf 89' lang='lat' dir='ltr'>vereas.</span> 
     </span>
    </p>

    <p class='ocr_par' dir='ltr' id='par_1_15' title="bbox 264 3068 961 3150">
     <span class='ocr_line' id='line_1_26' title="bbox 264 3068 961 3150; baseline 0 -19"><span class='ocrx_word' id='word_1_192' title='bbox 264 3070 342 3131; x_wconf 91' lang='lat' dir='ltr'>Item</span> <span class='ocrx_word' id='word_1_193' title='bbox 366 3088 462 3130; x_wconf 91' lang='lat' dir='ltr'>unam</span> <span class='ocrx_word' id='word_1_194' title='bbox 486 3069 610 3130; x_wconf 87' lang='lat' dir='ltr'>trabem</span> <span class='ocrx_word' id='word_1_195' title='bbox 636 3068 698 3129; x_wconf 91' lang='lat' dir='ltr'>emi</span> <span class='ocrx_word' id='word_1_196' title='bbox 724 3088 781 3150; x_wconf 93' lang='lat' dir='ltr'>pro</span> <span class='ocrx_word' id='word_1_197' title='bbox 806 3068 862 3129; x_wconf 90' lang='lat' dir='ltr'>XII</span> <span class='ocrx_word' id='word_1_198' title='bbox 889 3068 961 3131; x_wconf 94' lang='lat' dir='ltr'>den.</span> 
     </span>
    </p>

    <p class='ocr_par' dir='ltr' id='par_1_16' title="bbox 159 3175 1431 3364">
     <span class='ocr_line' id='line_1_27' title="bbox 265 3175 1431 3258; baseline 0.003 -21"><span class='ocrx_word' id='word_1_199' title='bbox 265 3177 342 3237; x_wconf 90' lang='lat' dir='ltr'>Item</span> <span class='ocrx_word' id='word_1_200' title='bbox 369 3175 444 3236; x_wconf 86' lang='lat' dir='ltr'>dedi</span> <span class='ocrx_word' id='word_1_201' title='bbox 470 3194 535 3237; x_wconf 93' lang='lat' dir='ltr'>uno</span> <span class='ocrx_word' id='word_1_202' title='bbox 559 3176 664 3252; x_wconf 69' lang='lat' dir='ltr'>laton,</span> <span class='ocrx_word' id='word_1_203' title='bbox 693 3177 748 3256; x_wconf 93' lang='lat' dir='ltr'>qui</span> <span class='ocrx_word' id='word_1_204' title='bbox 782 3178 921 3256; x_wconf 85' lang='lat' dir='ltr'>portavit</span> <span class='ocrx_word' id='word_1_205' title='bbox 954 3176 1136 3238; x_wconf 92' lang='lat' dir='ltr'>relatoriam</span> <span class='ocrx_word' id='word_1_206' title='bbox 1162 3176 1296 3237; x_wconf 88' lang='lat' dir='ltr'>domiuo</span> <span class='ocrx_word' id='word_1_207' title='bbox 1323 3176 1431 3258; x_wconf 87' lang='lat' dir='ltr'>Banu,</span> 
     </span>
     <span class='ocr_line' id='line_1_28' title="bbox 159 3280 1261 3364; baseline -0.002 -20"><span class='ocrx_word' id='word_1_208' title='bbox 159 3303 259 3364; x_wconf 89' lang='lat' dir='ltr'>quum</span> <span class='ocrx_word' id='word_1_209' title='bbox 286 3301 472 3364; x_wconf 85' lang='lat' dir='ltr'>responsum</span> <span class='ocrx_word' id='word_1_210' title='bbox 498 3281 656 3342; x_wconf 91' lang='lat' dir='ltr'>dederunt</span> <span class='ocrx_word' id='word_1_211' title='bbox 680 3280 805 3342; x_wconf 92' lang='lat' dir='ltr'>domini</span> <span class='ocrx_word' id='word_1_212' title='bbox 831 3281 869 3341; x_wconf 91' lang='lat' dir='ltr'>de</span> <span class='ocrx_word' id='word_1_213' title='bbox 896 3281 1049 3363; x_wconf 91' lang='lat' dir='ltr'>Capitulo</span> <span class='ocrx_word' id='word_1_214' title='bbox 1076 3283 1161 3343; x_wconf 85' lang='lat' dir='ltr'>LXX</span> <span class='ocrx_word' id='word_1_215' title='bbox 1187 3282 1261 3343; x_wconf 88' lang='lat' dir='ltr'>den.</span> 
     </span>
    </p>

    <p class='ocr_par' dir='ltr' id='par_1_17' title="bbox 158 3385 1427 3574">
     <span class='ocr_line' id='line_1_29' title="bbox 264 3385 1427 3469; baseline 0.002 -19"><span class='ocrx_word' id='word_1_216' title='bbox 264 3389 340 3450; x_wconf 90' lang='lat' dir='ltr'>Item</span> <span class='ocrx_word' id='word_1_217' title='bbox 366 3385 439 3448; x_wconf 88' lang='lat' dir='ltr'>dedi</span> <span class='ocrx_word' id='word_1_218' title='bbox 464 3387 584 3448; x_wconf 88' lang='lat' dir='ltr'>Mathie</span> <span class='ocrx_word' id='word_1_219' title='bbox 610 3388 810 3468; x_wconf 89' lang='lat' dir='ltr'>carpentario</span> <span class='ocrx_word' id='word_1_220' title='bbox 843 3388 871 3447; x_wconf 97' lang='lat' dir='ltr'>X</span> <span class='ocrx_word' id='word_1_221' title='bbox 897 3388 981 3464; x_wconf 78' lang='lat' dir='ltr'>den,</span> <span class='ocrx_word' id='word_1_222' title='bbox 1014 3388 1068 3468; x_wconf 92' lang='lat' dir='ltr'>qui</span> <span class='ocrx_word' id='word_1_223' title='bbox 1094 3388 1201 3469; x_wconf 89' lang='lat' dir='ltr'>posuit</span> <span class='ocrx_word' id='word_1_224' title='bbox 1226 3401 1357 3449; x_wconf 83' lang='lat' dir='ltr'>truncos</span> <span class='ocrx_word' id='word_1_225' title='bbox 1383 3391 1427 3452; x_wconf 91' lang='lat' dir='ltr'>ad</span> 
     </span>
     <span class='ocr_line' id='line_1_30' title="bbox 158 3490 1021 3574; baseline 0.005 -22"><span class='ocrx_word' id='word_1_226' title='bbox 158 3492 310 3555; x_wconf 78' lang='lat' dir='ltr'>fossatum</span> <span class='ocrx_word' id='word_1_227' title='bbox 337 3507 409 3554; x_wconf 89' lang='lat' dir='ltr'>ante</span> <span class='ocrx_word' id='word_1_228' title='bbox 434 3506 558 3574; x_wconf 88' lang='lat' dir='ltr'>portam</span> <span class='ocrx_word' id='word_1_229' title='bbox 584 3490 744 3574; x_wconf 87' lang='lat' dir='ltr'>lapideam</span> <span class='ocrx_word' id='word_1_230' title='bbox 770 3507 801 3554; x_wconf 90' lang='lat' dir='ltr'>et</span> <span class='ocrx_word' id='word_1_231' title='bbox 826 3493 1021 3556; x_wconf 74' lang='lat' dir='ltr'>carnificum.</span> 
     </span>
    </p>

    <p class='ocr_par' dir='ltr' id='par_1_18' title="bbox 157 3597 1426 3787">
     <span class='ocr_line' id='line_1_31' title="bbox 264 3597 1426 3681; baseline 0.004 -22"><span class='ocrx_word' id='word_1_232' title='bbox 264 3599 340 3660; x_wconf 89' lang='lat' dir='ltr'>Item</span> <span class='ocrx_word' id='word_1_233' title='bbox 375 3598 449 3659; x_wconf 92' lang='lat' dir='ltr'>dedi</span> <span class='ocrx_word' id='word_1_234' title='bbox 484 3598 645 3660; x_wconf 88' lang='lat' dir='ltr'>Clementi</span> <span class='ocrx_word' id='word_1_235' title='bbox 679 3599 735 3659; x_wconf 92' lang='lat' dir='ltr'>LX</span> <span class='ocrx_word' id='word_1_236' title='bbox 764 3598 849 3676; x_wconf 67' lang='lat' dir='ltr'>den„</span> <span class='ocrx_word' id='word_1_237' title='bbox 881 3601 936 3681; x_wconf 91' lang='lat' dir='ltr'>qui</span> <span class='ocrx_word' id='word_1_238' title='bbox 973 3598 1151 3661; x_wconf 88' lang='lat' dir='ltr'>ambulavit</span> <span class='ocrx_word' id='word_1_239' title='bbox 1183 3598 1223 3660; x_wconf 87' lang='lat' dir='ltr'>ad</span> <span class='ocrx_word' id='word_1_240' title='bbox 1247 3597 1426 3681; x_wconf 87' lang='lat' dir='ltr'>Crapinam</span> 
     </span>
     <span class='ocr_line' id='line_1_32' title="bbox 157 3704 587 3787; baseline 0 -21"><span class='ocrx_word' id='word_1_241' title='bbox 157 3719 288 3787; x_wconf 90' lang='lat' dir='ltr'>propter</span> <span class='ocrx_word' id='word_1_242' title='bbox 313 3724 408 3765; x_wconf 89' lang='lat' dir='ltr'>unam</span> <span class='ocrx_word' id='word_1_243' title='bbox 434 3704 587 3785; x_wconf 80' lang='lat' dir='ltr'>pIxidem.</span> 
     </span>
    </p>

    <p class='ocr_par' dir='ltr' id='par_1_19' title="bbox 262 3809 1426 3893">
     <span class='ocr_line' id='line_1_33' title="bbox 262 3809 1426 3893; baseline 0.003 -22"><span class='ocrx_word' id='word_1_244' title='bbox 262 3810 339 3871; x_wconf 91' lang='lat' dir='ltr'>Item</span> <span class='ocrx_word' id='word_1_245' title='bbox 365 3809 438 3870; x_wconf 91' lang='lat' dir='ltr'>dedi</span> <span class='ocrx_word' id='word_1_246' title='bbox 467 3828 531 3870; x_wconf 92' lang='lat' dir='ltr'>uno</span> <span class='ocrx_word' id='word_1_247' title='bbox 558 3810 662 3887; x_wconf 85' lang='lat' dir='ltr'>latori,</span> <span class='ocrx_word' id='word_1_248' title='bbox 690 3811 745 3892; x_wconf 91' lang='lat' dir='ltr'>qui</span> <span class='ocrx_word' id='word_1_249' title='bbox 779 3811 918 3892; x_wconf 88' lang='lat' dir='ltr'>portavit</span> <span class='ocrx_word' id='word_1_250' title='bbox 951 3812 1098 3893; x_wconf 85' lang='lat' dir='ltr'>pulveres</span> <span class='ocrx_word' id='word_1_251' title='bbox 1130 3811 1274 3892; x_wconf 80' lang='lat' dir='ltr'>pixidum</span> <span class='ocrx_word' id='word_1_252' title='bbox 1301 3809 1327 3871; x_wconf 92' lang='lat' dir='ltr'>L</span> <span class='ocrx_word' id='word_1_253' title='bbox 1351 3810 1426 3877; x_wconf 87' lang='lat' dir='ltr'>den.</span> 
     </span>
    </p>

    <p class='ocr_par' dir='ltr' id='par_1_20' title="bbox 157 3914 1424 4101">
     <span class='ocr_line' id='line_1_34' title="bbox 265 3914 1424 4000; baseline 0.004 -25"><span class='ocrx_word' id='word_1_254' title='bbox 265 3915 341 3976; x_wconf 89' lang='lat' dir='ltr'>Item</span> <span class='ocrx_word' id='word_1_255' title='bbox 375 3915 448 3976; x_wconf 90' lang='lat' dir='ltr'>dedi</span> <span class='ocrx_word' id='word_1_256' title='bbox 482 3914 643 3978; x_wconf 88' lang='lat' dir='ltr'>Clementi</span> <span class='ocrx_word' id='word_1_257' title='bbox 679 3914 770 3977; x_wconf 83' lang='lat' dir='ltr'>fabro</span> <span class='ocrx_word' id='word_1_258' title='bbox 802 3917 859 3978; x_wconf 89' lang='lat' dir='ltr'>XL</span> <span class='ocrx_word' id='word_1_259' title='bbox 884 3916 969 3994; x_wconf 91' lang='lat' dir='ltr'>den.,</span> <span class='ocrx_word' id='word_1_260' title='bbox 1001 3918 1056 4000; x_wconf 92' lang='lat' dir='ltr'>qui</span> <span class='ocrx_word' id='word_1_261' title='bbox 1093 3915 1253 3979; x_wconf 87' lang='lat' dir='ltr'>edificavit</span> <span class='ocrx_word' id='word_1_262' title='bbox 1278 3917 1424 3998; x_wconf 83' lang='lat' dir='ltr'>linguam</span> 
     </span>
     <span class='ocr_line' id='line_1_35' title="bbox 157 4020 455 4101; baseline 0.007 -21"><span class='ocrx_word' id='word_1_263' title='bbox 157 4039 313 4101; x_wconf 86' lang='lat' dir='ltr'>campane</span> <span class='ocrx_word' id='word_1_264' title='bbox 339 4020 455 4084; x_wconf 88' lang='lat' dir='ltr'>Starcz.</span> 
     </span>
    </p>

    <p class='ocr_par' dir='ltr' id='par_1_21' title="bbox 159 4125 1424 4315">
     <span class='ocr_line' id='line_1_36' title="bbox 263 4125 1424 4209; baseline 0.004 -23"><span class='ocrx_word' id='word_1_265' title='bbox 263 4126 340 4187; x_wconf 88' lang='lat' dir='ltr'>Item</span> <span class='ocrx_word' id='word_1_266' title='bbox 365 4126 428 4187; x_wconf 89' lang='lat' dir='ltr'>emi</span> <span class='ocrx_word' id='word_1_267' title='bbox 454 4126 492 4186; x_wconf 89' lang='lat' dir='ltr'>de</span> <span class='ocrx_word' id='word_1_268' title='bbox 517 4126 654 4208; x_wconf 90' lang='lat' dir='ltr'>plumbo</span> <span class='ocrx_word' id='word_1_269' title='bbox 678 4125 790 4188; x_wconf 88' lang='lat' dir='ltr'>decem</span> <span class='ocrx_word' id='word_1_270' title='bbox 813 4125 918 4189; x_wconf 84' lang='lat' dir='ltr'>luntas</span> <span class='ocrx_word' id='word_1_271' title='bbox 935 4147 992 4209; x_wconf 92' lang='lat' dir='ltr'>pro</span> <span class='ocrx_word' id='word_1_272' title='bbox 1019 4128 1135 4191; x_wconf 93' lang='lat' dir='ltr'>LXXX</span> <span class='ocrx_word' id='word_1_273' title='bbox 1161 4128 1247 4207; x_wconf 68' lang='lat' dir='ltr'>den„</span> <span class='ocrx_word' id='word_1_274' title='bbox 1272 4146 1338 4209; x_wconf 93' lang='lat' dir='ltr'>quo</span> <span class='ocrx_word' id='word_1_275' title='bbox 1355 4128 1424 4191; x_wconf 89' lang='lat' dir='ltr'>edi·</span> 
     </span>
     <span class='ocr_line' id='line_1_37' title="bbox 159 4231 557 4315; baseline 0.005 -22"><span class='ocrx_word' id='word_1_276' title='bbox 159 4231 249 4293; x_wconf 80' lang='lat' dir='ltr'>ficari</span> <span class='ocrx_word' id='word_1_277' title='bbox 274 4252 333 4293; x_wconf 87' lang='lat' dir='ltr'>ova</span> <span class='ocrx_word' id='word_1_278' title='bbox 359 4232 398 4293; x_wconf 89' lang='lat' dir='ltr'>ad</span> <span class='ocrx_word' id='word_1_279' title='bbox 423 4232 557 4315; x_wconf 84' lang='lat' dir='ltr'>pixides.</span> 
     </span>
    </p>

    <p class='ocr_par' dir='ltr' id='par_1_22' title="bbox 157 4335 1422 4528">
     <span class='ocr_line' id='line_1_38' title="bbox 260 4335 1422 4423; baseline 0.003 -23"><span class='ocrx_word' id='word_1_280' title='bbox 260 4335 337 4400; x_wconf 89' lang='lat' dir='ltr'>Item</span> <span class='ocrx_word' id='word_1_281' title='bbox 363 4338 438 4400; x_wconf 91' lang='lat' dir='ltr'>dedi</span> <span class='ocrx_word' id='word_1_282' title='bbox 463 4338 636 4401; x_wconf 88' lang='lat' dir='ltr'>Valentino</span> <span class='ocrx_word' id='word_1_283' title='bbox 662 4337 752 4401; x_wconf 86' lang='lat' dir='ltr'>labro</span> <span class='ocrx_word' id='word_1_284' title='bbox 777 4340 849 4401; x_wconf 93' lang='lat' dir='ltr'>XVI</span> <span class='ocrx_word' id='word_1_285' title='bbox 874 4340 948 4402; x_wconf 93' lang='lat' dir='ltr'>den.</span> <span class='ocrx_word' id='word_1_286' title='bbox 974 4343 1029 4422; x_wconf 89' lang='lat' dir='ltr'>qui</span> <span class='ocrx_word' id='word_1_287' title='bbox 1055 4340 1212 4403; x_wconf 86' lang='lat' dir='ltr'>laboravit</span> <span class='ocrx_word' id='word_1_288' title='bbox 1237 4341 1355 4423; x_wconf 82' lang='lat' dir='ltr'>globos</span> <span class='ocrx_word' id='word_1_289' title='bbox 1380 4340 1422 4403; x_wconf 87' lang='lat' dir='ltr'>de</span> 
     </span>
     <span class='ocr_line' id='line_1_39' title="bbox 157 4428 882 4528; baseline 0.011 -26"><span class='ocrx_word' id='word_1_290' title='bbox 157 4441 241 4504; x_wconf 88' lang='lat' dir='ltr'>ferro</span> <span class='ocrx_word' id='word_1_291' title='bbox 266 4458 374 4506; x_wconf 89' lang='lat' dir='ltr'>nostro</span> <span class='ocrx_word' id='word_1_292' title='bbox 399 4444 440 4506; x_wconf 93' lang='lat' dir='ltr'>ad</span> <span class='ocrx_word' id='word_1_293' title='bbox 464 4444 599 4528; x_wconf 85' lang='lat' dir='ltr'>pixides.</span> <span class='ocrx_word' id='word_1_294' title='bbox 877 4428 882 4437; x_wconf 48' lang='lat'>¹</span> 
     </span>
    </p>

    <p class='ocr_par' dir='ltr' id='par_1_23' title="bbox 159 4549 1422 4739">
     <span class='ocr_line' id='line_1_40' title="bbox 264 4549 1422 4635; baseline 0.003 -24"><span class='ocrx_word' id='word_1_295' title='bbox 264 4550 341 4613; x_wconf 89' lang='lat' dir='ltr'>Item</span> <span class='ocrx_word' id='word_1_296' title='bbox 368 4549 441 4612; x_wconf 89' lang='lat' dir='ltr'>dedi</span> <span class='ocrx_word' id='word_1_297' title='bbox 468 4551 629 4635; x_wconf 81' lang='lat' dir='ltr'>GregorIo</span> <span class='ocrx_word' id='word_1_298' title='bbox 654 4550 764 4615; x_wconf 84' lang='lat' dir='ltr'>Stelba</span> <span class='ocrx_word' id='word_1_299' title='bbox 798 4552 895 4630; x_wconf 84' lang='lat' dir='ltr'>dicto,</span> <span class='ocrx_word' id='word_1_300' title='bbox 928 4552 982 4633; x_wconf 91' lang='lat' dir='ltr'>qui</span> <span class='ocrx_word' id='word_1_301' title='bbox 1017 4550 1177 4616; x_wconf 73' lang='lat' dir='ltr'>edificavit</span> <span class='ocrx_word' id='word_1_302' title='bbox 1201 4550 1283 4615; x_wconf 87' lang='lat' dir='ltr'>ferra</span> <span class='ocrx_word' id='word_1_303' title='bbox 1308 4552 1349 4615; x_wconf 84' lang='lat' dir='ltr'>ad</span> <span class='ocrx_word' id='word_1_304' title='bbox 1373 4573 1422 4615; x_wconf 81' lang='lat' dir='ltr'>aa·</span> 
     </span>
     <span class='ocr_line' id='line_1_41' title="bbox 159 4657 447 4739; baseline 0.01 -21"><span class='ocrx_word' id='word_1_305' title='bbox 159 4658 254 4739; x_wconf 82' lang='lat' dir='ltr'>gittaa</span> <span class='ocrx_word' id='word_1_306' title='bbox 277 4657 349 4720; x_wconf 93' lang='lat' dir='ltr'>XVI</span> <span class='ocrx_word' id='word_1_307' title='bbox 373 4657 447 4721; x_wconf 90' lang='lat' dir='ltr'>den.</span> 
     </span>
    </p>

    <p class='ocr_par' dir='ltr' id='par_1_24' title="bbox 669 4762 1377 4829">
     <span class='ocr_line' id='line_1_42' title="bbox 669 4762 1377 4829; baseline 0.001 -2"><span class='ocrx_word' id='word_1_308' title='bbox 669 4762 802 4827; x_wconf 80' lang='lat' dir='ltr'>Summa</span> <span class='ocrx_word' id='word_1_309' title='bbox 835 4762 910 4826; x_wconf 83' lang='lat' dir='ltr'>lacit</span> <span class='ocrx_word' id='word_1_310' title='bbox 935 4763 974 4825; x_wconf 94' lang='lat' dir='ltr'>III</span> <span class='ocrx_word' id='word_1_311' title='bbox 998 4764 1068 4828; x_wconf 84' lang='lat' dir='ltr'>flor.</span> <span class='ocrx_word' id='word_1_312' title='bbox 1092 4777 1123 4827; x_wconf 87' lang='lat' dir='ltr'>et</span> <span class='ocrx_word' id='word_1_313' title='bbox 1146 4762 1279 4827; x_wconf 81' lang='lat' dir='ltr'>XXVIII</span> <span class='ocrx_word' id='word_1_314' title='bbox 1303 4763 1377 4829; x_wconf 86' lang='lat' dir='ltr'>den.</span> 
     </span>
    </p>

    <p class='ocr_par' dir='ltr' id='par_1_25' title="bbox 266 4867 1424 4956">
     <span class='ocr_line' id='line_1_43' title="bbox 266 4867 1424 4956; baseline 0.005 -25"><span class='ocrx_word' id='word_1_315' title='bbox 266 4869 345 4932; x_wconf 87' lang='lat' dir='ltr'>Item</span> <span class='ocrx_word' id='word_1_316' title='bbox 358 4869 433 4932; x_wconf 87' lang='lat' dir='ltr'>dedi</span> <span class='ocrx_word' id='word_1_317' title='bbox 447 4870 563 4934; x_wconf 82' lang='lat' dir='ltr'>Mileca</span> <span class='ocrx_word' id='word_1_318' title='bbox 575 4868 668 4935; x_wconf 82' lang='lat' dir='ltr'>labro</span> <span class='ocrx_word' id='word_1_319' title='bbox 687 4870 746 4935; x_wconf 88' lang='lat' dir='ltr'>XL</span> <span class='ocrx_word' id='word_1_320' title='bbox 758 4870 845 4951; x_wconf 67' lang='lat' dir='ltr'>deo„</span> <span class='ocrx_word' id='word_1_321' title='bbox 869 4871 925 4956; x_wconf 89' lang='lat' dir='ltr'>qui</span> <span class='ocrx_word' id='word_1_322' title='bbox 942 4870 1104 4935; x_wconf 80' lang='lat' dir='ltr'>edificavit</span> <span class='ocrx_word' id='word_1_323' title='bbox 1126 4867 1208 4934; x_wconf 83' lang='lat' dir='ltr'>lem</span> <span class='ocrx_word' id='word_1_324' title='bbox 1224 4869 1266 4934; x_wconf 84' lang='lat' dir='ltr'>ed</span> <span class='ocrx_word' id='word_1_325' title='bbox 1281 4871 1424 4955; x_wconf 75' lang='lat' dir='ltr'>sagittae.</span> 
     </span>
    </p>
   </div>
   <div class='ocr_carea' id='block_1_3' title="bbox 0 0 1718 5256">
    <p class='ocr_par' dir='ltr' id='par_1_26' title="bbox 0 0 1718 5256">
     <span class='ocr_line' id='line_1_44' title="bbox 0 0 1718 5256; baseline 0 0"><span class='ocrx_word' id='word_1_326' title='bbox 0 0 1718 5256; x_wconf 95' lang='lat' dir='ltr'> </span> 
     </span>
    </p>
   </div>
  </div>
 </body>
</html>
