3428 5256
235 289 297 350 268
797 290 945 351 Rationes.

339 501 457 564 Iterum
482 501 514 562 in
539 499 620 562 festo
646 504 738 563 beate
772 500 960 580 Katherine‚
993 500 1142 563 Michaeli
1174 500 1312 580 literato,
1336 503 1455 584 pediti
1487 505 1525 567 in

233 607 390 671 Gemlech
415 607 559 672 dedi...
584 607 644 676 sol.
667 605 702 671 1⁰.

337 714 502 776 Demetrio
527 713 657 776 Kelesdi
676 763 681 776 .
703 761 734 777 ..
758 713 816 778 sol.
840 711 875 778 1⁰.

338 821 399 882 Pro
424 820 586 883 marcis..
607 870 613 880 .
645 819 705 883 sol.
731 819 766 884 I0.

336 926 414 988 Item
439 945 477 986 ex
501 926 729 987 commissione
753 925 878 987 domini
904 926 967 987 emi
992 946 1009 987 a
1034 925 1208 989 Valentino
1232 925 1383 988 institore
1402 946 1515 992 unam

231 1034 354 1116 peciam
380 1033 478 1095 medii
502 1033 630 1115 parvisii
649 1080 655 1094 .
675 1081 706 1096 ..
734 1033 793 1096 sol.
818 1031 898 1097 VII0.

336 1157 414 1219 Item
439 1156 517 1218 feria
542 1170 654 1239 quarta
678 1170 752 1219 ante
783 1155 900 1219 festum
926 1156 1066 1236 Andree‚
1099 1156 1250 1220 Michaeli
1274 1156 1419 1239 literato,
1446 1180 1510 1243 pe·

229 1265 287 1328 diti
313 1266 352 1327 de
378 1264 534 1328 Gemlech
552 1265 583 1326 in
601 1265 765 1327 saliarium
783 1264 831 1326 sui
849 1263 975 1325 servicii
1000 1283 1059 1345 pro
1076 1265 1213 1326 emenda
1231 1264 1345 1327 balista
1362 1264 1509 1330 dedi...

229 1373 289 1436 sol.
327 1373 378 1436 ⁶1..

315 1372 411 1542 lItem
436 1479 468 1540 in
486 1478 568 1541 lesto
586 1479 669 1540 beati
688 1478 814 1541 Nicolai
832 1478 1024 1541 confessoris
1048 1479 1245 1562 pauperibus
1261 1478 1439 1542 distribui.
1462 1529 1471 1546 .
1494 1533 1500 1544 .

227 1605 286 1650 so.
318 1587 358 1651 X.
1332 1643 1338 1653 .

266 1586 275 1649 l
334 1692 411 1755 Item
437 1693 469 1753 iu
493 1691 575 1754 festo
600 1692 684 1753 beati
709 1691 835 1754 Nicolai
861 1691 936 1755 dedi
968 1692 1145 1754 scolaribus
1169 1691 1500 1757 recordantibus...

230 1798 288 1863 sol.
311 1799 395 1864 XVI.

334 1904 498 1987 Stephano
524 1904 667 1967 Bradach
693 1904 841 1970 dedi...
874 1904 932 1968 sol.
956 1904 1003 1969 II⁰.

333 2028 411 2091 Item
437 2027 586 2090 Michaeli
611 2029 795 2091 Lowranthi
813 2028 890 2090 dum
908 2029 1023 2091 missus
1047 2028 1107 2091 Iuit
1124 2028 1164 2090 ad
1182 2029 1312 2092 Petrum
1337 2029 1498 2116 Bochlray

227 2134 300 2196 dedi
321 2181 328 2196 .
348 2185 380 2197 ..
406 2135 464 2197 sol.
490 2134 572 2198 XVI.

330 2239 408 2304 Item
433 2241 511 2302 dum
536 2241 687 2304 domiuus
712 2255 842 2304 venerat
860 2242 1034 2305 Chasmam
1058 2244 1121 2305 emi
1139 2261 1249 2305 carnes
1274 2243 1434 2306 bovinas.
1455 2294 1490 2307 ..

226 2348 285 2412 sol.
341 2349 424 2412 XIX.

310 2348 408 2517 XItem
434 2456 465 2516 In
491 2455 600 2536 vigilia
626 2455 864 2537 Concepcionis
889 2456 990 2518 MarIe
1015 2456 1077 2517 emi
1104 2456 1205 2538 pisces
1224 2505 1230 2518 .
1250 2507 1280 2520 ..
1304 2456 1364 2519 sol.
1382 2454 1494 2522 XVIII.

331 2578 407 2641 Item
434 2577 583 2639 Michaeli
616 2578 754 2658 literato,
788 2579 887 2662 pediti
922 2581 953 2641 in
988 2579 1156 2659 Gemlech,
1181 2581 1213 2641 in
1238 2594 1357 2644 sortem
1389 2581 1492 2644 serri-

225 2684 348 2746 ciorum
373 2684 412 2746 ad
439 2685 608 2746 emendam
633 2686 780 2748 balistam
805 2686 870 2747 dati
895 2701 991 2748 sunt.
1013 2736 1044 2749 ..
1075 2687 1133 2750 sol.
1155 2685 1219 2751 101..

329 2791 405 2853 Item
431 2791 508 2853 dum
527 2791 717 2853 Michaelem
737 2793 931 2877 I.owranthy
949 2794 1077 2855 miserat
1093 2793 1245 2855 domiuus
1262 2793 1302 2855 ad
1328 2793 1488 2857 aniurm

224 2895 298 2957 dedi
325 2898 431 2960 eidem
456 2897 495 2958 ad
521 2917 751 2980 expensas...
778 2899 836 2960 sol.
862 2897 943 2961 XVI.

330 3003 406 3065 Item
433 3006 463 3064 In
490 3004 599 3085 vigilia
624 3003 861 3085 ConcepcIonis
880 3005 979 3065 Maris
1005 3005 1068 3066 emi
1085 3005 1188 3087 pisces
1208 3052 1214 3066 .
1233 3055 1263 3066 ..
1290 3005 1349 3070 rol.
1375 3005 1488 3071 XVIII.

327 3108 404 3172 Item
431 3111 462 3170 in
496 3109 576 3172 festo
609 3110 848 3191 Concepcionis
882 3112 981 3172 Murie
1014 3112 1116 3193 pisces
1140 3112 1227 3174 emi.
1275 3111 1363 3177 ,sol.
1388 3113 1488 3180 XXV.

328 3217 526 3299 Pauperibus
551 3217 775 3279 distribui...
800 3217 856 3281 sol.
882 3216 945 3281 XII.

327 3340 404 3404 Item
431 3342 565 3405 domiuo
589 3343 790 3423 suffraganeo
824 3363 881 3425 pro
914 3345 1061 3425 expensis
1085 3363 1165 3426 quus
1189 3344 1229 3405 ad
1254 3342 1335 3406 facta
1360 3344 1486 3408 domini

227 3449 404 3509 successive
431 3449 503 3511 lecit
528 3450 675 3512 dedi...
701 3450 759 3512 sol.
784 3451 835 3512 X0.

327 3553 405 3616 Item
430 3556 559 3616 miserat
583 3556 735 3617 dominus
758 3556 1057 3619 ReverendissImus
1074 3577 1182 3619 versus
1209 3557 1342 3619 deum
1367 3556 1486 3621 Deme·

226 3660 333 3738 trium,
359 3675 389 3721 et
414 3661 518 3723 eidem
544 3662 582 3722 ad
608 3682 761 3744 expensas
786 3664 936 3724 dedi...
962 3662 1019 3726 sol.
1045 3664 1077 3726 1⁰.

326 3784 403 3847 Item
430 3786 508 3848 IerIa
524 3802 609 3849 sexta
636 3803 705 3870 post
723 3787 838 3850 festum
857 3788 955 3848 Lucie
983 3789 1023 3848 ab
1042 3788 1228 3850 homiuibus
1246 3789 1285 3850 de
1311 3790 1485 3873 Zwynarcz

220 3891 283 3950 erni
309 3892 411 3972 pisces
435 3894 568 3954 domino
588 3943 594 3956 .
615 3944 643 3956 ..
672 3895 730 3957 sol.
757 3893 861 3957 XVIII.

326 3995 402 4058 Item
429 3999 546 4060 eodem
572 4000 623 4060 die
649 4002 711 4061 emi
738 4001 838 4082 pisces
862 4000 948 4059 Zawi
967 4048 972 4060 .
993 4048 1022 4060 ..
1052 4000 1110 4063 sol.
1137 4001 1249 4064 XXVI.

324 4101 400 4164 Item
436 4107 570 4167 sabbato
595 4105 654 4168 luit
687 4106 737 4167 hIc
771 4106 921 4166 domiuus
955 4103 1136 4185 Stephanus
1169 4105 1298 4190 Derst‚
1335 4109 1398 4170 emi
1424 4128 1482 4192 pro

221 4210 372 4288 parandis
396 4213 549 4292 placentis
575 4215 748 4274 necessaria
768 4267 772 4274 .
792 4261 822 4274 ..
847 4211 904 4274 sol.
928 4209 1017 4272 VIIII.

325 4331 403 4395 Item
431 4336 579 4398 Michaeli
598 4337 717 4399 Ozorai
748 4337 787 4398 ad
805 4335 968 4397 sallarium
987 4354 1079 4395 suum
1100 4335 1197 4396 dedi.
1219 4388 1223 4396 .
1245 4387 1250 4398 .
1276 4338 1334 4401 sol.
1354 4339 1486 4404 XVIIII⁰·

327 4440 447 4522 Polynic
473 4445 585 4505 suttori
604 4495 609 4507 .
629 4493 660 4505 ..
685 4444 745 4507 sol.
772 4443 805 4505 1⁰.

326 4545 401 4606 Itcm
428 4546 505 4609 Ieria
531 4550 670 4611 secunda
696 4562 768 4631 post
792 4546 906 4609 festum
938 4545 1034 4606 Lucie
1060 4546 1121 4606 emi
1147 4547 1337 4627 grisium...
1362 4552 1421 4614 sol.
1445 4519 1482 4617 I0.

327 4653 391 4714 Mel
417 4655 479 4716 emi
500 4705 506 4717 .
526 4704 557 4718 ..
582 4657 642 4719 sol.
667 4652 787 4719 XVIIII

326 4760 472 4822 Butirum
497 4762 560 4824 emi
580 4811 585 4825 .
606 4813 610 4824 .
631 4810 637 4825 .
661 4761 720 4825 sol.
744 4756 902 4824 XXXVII.
