3428 5256
756 322 941 386 Inveniam.
1411 343 1471 406 203

314 533 394 596 Item
418 555 472 595 sex
496 535 676 617 corporalia
701 556 774 597 curn
799 537 963 600 custodiis.

318 641 390 705 Una
414 642 547 723 lampas.

317 747 391 808 Duo
415 747 552 808 armaria
575 747 616 809 ad
640 748 827 813 sacristiam.

316 852 389 916 Una
414 872 523 915 mensa
548 854 588 915 ad
613 855 799 923 sacristiam.

318 962 391 1023 Duo
415 981 490 1023 vasa
515 961 581 1022 vini
606 981 665 1043 pro
690 961 795 1024 fienda
820 981 884 1024 una
912 981 1012 1044 cappa
1038 962 1077 1024 de
1103 964 1178 1024 albo
1203 982 1283 1029 raso.

550 1174 607 1234 Ad
640 1188 830 1238 sanctum
856 1175 1135 1238 Leouardum.

323 1317 395 1380 Una
419 1312 584 1398 tectura(?)
609 1317 790 1399 pulvinaria
813 1316 853 1378 de
878 1317 988 1400 kythel
1012 1317 1053 1379 ad
1078 1337 1165 1379 aram
1189 1337 1247 1400 pro
1273 1337 1399 1400 mappa.

317 1423 356 1484 ad
382 1424 478 1485 aliam
503 1442 591 1485 aram
616 1443 717 1484 unum
742 1423 897 1489 mensale.

210 1637 1476 1720 AntiquaminventariumipsiuspreposituredeAbbacia,

211 1744 421 1805 similiter
445 1742 580 1805 eidem
615 1742 788 1805 domino
820 1743 986 1804 Andree
1018 1743 1224 1825 episcopo
1249 1744 1476 1805 rosonensi

694 1863 997 1931 presentatum.

320 1938 390 2000 Due
415 1956 536 2000 mense.

321 2044 429 2106 Unum
455 2043 604 2126 pulvinar
628 2043 691 2104 vile
716 2061 789 2105 cum
813 2043 949 2125 sponda.

320 2150 429 2213 Unum
455 2149 628 2211 armarium
653 2149 766 2232 parieti
792 2148 965 2214 inclusum.

320 2256 481 2330 Quattuor
504 2275 656 2339 scampna
680 2256 763 2317 circa
789 2274 932 2317 mensam
957 2268 988 2318 et
1013 2275 1113 2317 unum
1138 2276 1273 2338 parvum
1298 2257 1410 2320 sedile.

319 2362 480 2436 Quattuor
504 2363 580 2424 cista
604 2362 736 2442 antique
761 2361 899 2423 maiores
923 2376 954 2422 et
978 2361 1129 2425 minores.

322 2469 462 2531 Scutelle
486 2469 593 2550 lignee
618 2468 756 2531 maiores
779 2482 810 2530 et
834 2469 976 2530 minores
993 2468 1146 2530 tredecim
1171 2482 1202 2529 et
1225 2487 1289 2529 una
1314 2468 1478 2550 plumbea.

318 2577 396 2639 ltem
437 2578 600 2658 simplices
639 2577 716 2638 disci
759 2577 857 2658 lignei
894 2576 1146 2658 quinquaginta,
1186 2575 1341 2637 coclearia
1381 2595 1477 2657 parva

213 2685 319 2766 lignea
345 2683 468 2760 decem,
493 2697 524 2744 et
541 2683 662 2744 maiora
686 2683 746 2745 tria
770 2697 801 2745 et
818 2674 919 2746 unum
945 2681 1082 2744 ferreum
1101 2681 1226 2744 coclear
1249 2701 1307 2765 pro
1331 2683 1480 2763 coquina.

321 2789 440 2851 Veruta
465 2788 567 2851 lerrea
591 2788 668 2851 duo.

320 2897 413 2961 Unus
424 2897 563 2959 circulus
578 2894 700 2958 ferreus
713 2915 771 2980 pro
784 2899 1021 2960 sustentacione
1038 2896 1171 2960 scutelle
1181 2896 1213 2958 in
1231 2915 1352 2973 mensa,
1366 2895 1479 2958 bonus.

320 3019 350 3067 et
373 3004 536 3067 secundus
558 3004 695 3086 ligneus.

325 3111 435 3174 Unum
461 3110 599 3172 ferreum
627 3131 686 3195 pro
710 3112 945 3174 sustentacione
970 3112 1089 3194 patella
1113 3112 1145 3172 in
1170 3130 1291 3176 mensa.

322 3218 431 3281 Unum
457 3198 575 3279 ferrum
599 3237 658 3300 pro
682 3219 839 3300 pistandis
862 3218 979 3280 oblatis
1003 3218 1054 3280 vel
1079 3217 1201 3283 hostiis.

322 3325 486 3406 Municeps
510 3323 649 3386 ferreum
674 3344 774 3387 unum
800 3338 831 3387 et
854 3325 1023 3406 antiquum
1048 3324 1133 3407 apud
1158 3325 1276 3406 ignem.

322 3433 399 3493 ltem
424 3430 564 3493 caldaria
588 3431 664 3496 dun.

323 3538 395 3601 Una
420 3537 500 3599 idria
525 3556 598 3599 cum
624 3558 687 3599 una
712 3537 819 3623 thyna.

324 3645 396 3707 Una
420 3643 522 3726 pelvis
547 3664 663 3728 cuprea
688 3646 784 3723 bona,
808 3664 906 3727 quam
932 3645 1069 3708 restituit
1094 3646 1245 3708 dominus
1269 3646 1424 3709 Bradach.

325 3752 434 3814 Unum
459 3752 653 3813 lavatorium
678 3752 717 3812 de
743 3771 795 3813 ere
822 3771 968 3834 parvum.

325 3859 435 3921 Unum
460 3858 674 3919 ventilabrum
693 3857 829 3941 simplex
841 3837 877 3920 ¹et
894 3878 957 3919 una
976 3856 1090 3920 faretra
1107 3859 1220 3920 baliste
1237 3859 1332 3942 plena
1349 3859 1482 3938 sagittis.

325 3965 435 4028 Unum
459 3964 674 4026 ventilabrum
700 3978 790 4026 vetus
814 3964 854 4026 ad
880 3984 977 4026 unam
1006 3984 1138 4027 manum
1162 3966 1237 4027 satis
1262 3967 1393 4029 bonum.

325 4072 433 4134 Unum
458 4071 645 4133 mortarium
670 4072 814 4153 ligneum
839 4085 939 4134 vetus.

326 4178 398 4241 Una
421 4179 540 4240 securis
563 4178 603 4240 ad
628 4178 764 4240 secanda
788 4179 876 4259 ligna
900 4191 931 4239 et
954 4178 1021 4258 ligo
1046 4198 1119 4243 una.

324 4285 401 4346 Item
426 4285 485 4346 tria
510 4305 583 4347 vasa
608 4304 707 4346 vacua
739 4285 862 4346 maiora
897 4298 926 4346 et
961 4303 1062 4345 unum
1095 4284 1261 4347 vasculum
1294 4304 1427 4366 parvum
1452 4298 1482 4345 et

221 4411 285 4454 una
309 4392 393 4453 scala
423 4410 551 4473 magua.

328 4497 435 4559 Unum
461 4498 632 4558 armarium
660 4497 748 4579 quod
772 4497 909 4559 restituit
933 4496 1085 4558 dominus
1110 4497 1264 4560 Bradach.

327 4604 408 4665 Tres
432 4605 564 4667 scutelle
588 4623 703 4686 magne
728 4604 880 4687 plumbee
905 4623 985 4686 quas
1009 4604 1095 4665 idern
1121 4604 1267 4666 restituit.

328 4710 516 4773 Mortarium
542 4697 696 4792 cupreum
721 4708 809 4792 quod
835 4708 920 4772 idem
945 4709 1092 4772 restituit.
