3428 5256
752 331 956 413 Ann01480.
1444 354 1486 417 43

228 547 391 610 territorio
415 560 525 609 nostro
550 546 732 609 lelenowcz
757 546 840 608 inter
863 546 973 608 vineas
996 545 1135 607 desertas
1158 546 1294 608 condam
1320 547 1403 609 Petri
1428 548 1489 630 Zy-

222 652 339 716 douicz
364 674 401 716 ex
427 673 489 715 una
514 667 545 714 et
569 651 702 714 fratrum
731 652 831 714 sancti
864 652 989 714 Nicolai
1023 670 1124 733 usque
1148 651 1319 714 decursum
1344 672 1427 734 aque
1452 671 1485 713 se

222 760 460 822 extendentem.

325 866 404 928 Item
429 866 566 928 condam
584 864 721 927 Mathias
736 877 848 943 sartor,
865 863 1010 943 claudus,
1032 864 1173 927 concivis
1197 878 1315 944 noster,
1339 863 1486 927 vendidit

222 971 356 1033 domum
380 992 436 1034 seu
459 972 553 1033 civile
577 991 672 1033 suum
697 970 823 1033 Simoni
847 970 960 1032 sartori
985 970 1110 1033 concivi
1135 984 1256 1050 nostro,
1281 970 1486 1032 medietatem

223 1076 384 1156 videlicet,
408 1097 466 1160 pro
491 1090 630 1159 quatuor
652 1076 721 1140 flor.
747 1089 777 1138 et
803 1090 940 1158 quatuor
969 1077 1075 1159 pensis
1099 1077 1305 1139 denariorum
1331 1077 1482 1139 viennen·

225 1183 320 1262 sium,
344 1183 441 1245 aliam
465 1182 670 1245 medietatem
697 1202 754 1264 pro
786 1183 915 1264 triginta
948 1182 1087 1244 denariis
1118 1184 1357 1263 viennensibus,
1382 1185 1414 1246 in
1440 1185 1485 1245 vi·

226 1289 354 1351 cinitate
378 1288 543 1351 Valentini
568 1287 715 1370 pellificis
738 1289 855 1370 Ztoysa
890 1287 979 1367 dicti,
1003 1290 1042 1350 ab
1074 1290 1314 1371 septemtrione,
1339 1303 1370 1366 et
1395 1290 1486 1369 Eme,

225 1395 280 1457 rici
303 1395 471 1477 selliparis,
496 1415 512 1456 a
539 1394 686 1472 meridie,
711 1413 783 1456 curn
802 1395 936 1456 cisterna
962 1410 992 1456 et
1021 1397 1128 1457 cloaca
1147 1396 1178 1457 in
1204 1396 1354 1477 contigua
1377 1396 1487 1458 vicini·

221 1516 285 1563 tate
309 1500 400 1563 fundi
426 1516 457 1563 et
482 1501 568 1563 curie
592 1500 769 1562 liberorum
794 1501 932 1562 condam
957 1501 1112 1563 lobannis
1136 1501 1310 1565 Perovvicz.

328 1607 406 1670 Item
433 1607 630 1669 Laurencius
662 1604 746 1668 filius
771 1606 903 1688 Georgii
936 1607 1080 1668 vendidit
1106 1607 1267 1688 quandam
1300 1608 1485 1689 porcionem

226 1714 386 1776 vinealem
413 1713 537 1775 Simoni
562 1713 685 1790 sartori,
711 1712 742 1774 in
767 1713 930 1775 vicinitate
963 1714 1106 1774 eiusdem
1133 1713 1274 1775 Simonis
1304 1714 1443 1791 sartoris,
1471 1734 1487 1775 a

225 1819 476 1901 septemtrione,
511 1839 528 1880 a
564 1831 651 1900 parte
687 1833 794 1879 autem
828 1817 1031 1879 meridionali
1065 1838 1163 1900 penes
1195 1819 1323 1880 vineam
1359 1818 1483 1880 domini

227 1924 375 2007 Gregorii
400 1925 530 2006 plebani
554 1923 653 1984 sancti
680 1924 807 1985 Martini
833 1943 890 2005 pro
915 1923 1026 1986 decem
1051 1924 1120 1985 flor.
1145 1939 1175 1986 et
1199 1925 1343 2006 quinque
1379 1926 1486 2007 pensis

227 2031 465 2092 viennensibus.

328 2135 406 2198 ltem
430 2137 530 2198 Elena
555 2138 664 2198 relicta
689 2137 809 2199 Mathie
832 2137 1018 2199 Scroboticz
1039 2137 1185 2199 vendidit
1210 2138 1414 2200 medietatem
1441 2138 1483 2200 ci·

224 2243 298 2305 vilis
321 2258 351 2305 et
375 2242 466 2305 fundi
491 2245 539 2305 sui
566 2244 596 2305 in
615 2244 686 2306 vico
711 2258 856 2306 sutorum
874 2244 956 2305 inter
985 2243 1120 2306 fundum
1139 2245 1222 2306 Petri
1249 2245 1486 2327 Bosyaltowecz

222 2370 240 2412 a
271 2350 510 2431 septemtrione,
542 2364 572 2411 et
604 2349 740 2411 fundum
774 2351 934 2412 desertum
965 2371 983 2411 a
1016 2350 1219 2412 meridionali
1253 2350 1365 2431 (parte)
1391 2351 1485 2412 Petro

223 2475 334 2538 sporat
357 2469 388 2517 et
418 2475 474 2517 sue
507 2457 645 2517 consorti
671 2475 729 2538 pro
764 2457 866 2517 tribus
898 2456 964 2519 flor.
989 2458 1075 2532 auri3
1106 2457 1203 2517 aliam
1229 2472 1334 2518 autem
1361 2457 1480 2518 medie·

222 2576 320 2624 tatem
345 2562 518 2625 reservavit
542 2582 600 2644 pro
624 2583 656 2623 se
681 2564 745 2623 vita
770 2564 829 2624 sibi
848 2564 977 2641 comite,
995 2579 1066 2645 post
1091 2578 1227 2625 mortem
1253 2577 1360 2625 autem
1394 2584 1485 2625 suam

224 2687 283 2750 pro
307 2668 369 2730 alia
394 2668 565 2730 medietate
583 2668 713 2730 debebit
730 2669 817 2747 dare,
842 2682 980 2751 quatuor
997 2669 1065 2731 flor.
1084 2670 1164 2747 auri,
1190 2670 1381 2751 cuicumque
1416 2671 1483 2752 ipsa

223 2774 324 2837 Elena
349 2774 522 2856 legaverat,
545 2776 571 2835 si
596 2775 701 2836 adhuc
726 2777 757 2836 in
783 2777 847 2836 vita
870 2796 926 2837 sua
951 2796 1016 2838 non
1042 2791 1214 2858 receperat.

331 2882 407 2943 ltem
440 2881 594 2964 providus
626 2882 772 2943 Thomas
805 2882 994 2944 Horwathin
1024 2882 1131 2944 senior
1163 2882 1257 2963 judex
1290 2895 1321 2943 et
1345 2882 1487 2943 concivis

224 3004 332 3051 noster
356 3003 506 3050 executor
536 2989 717 3050 testamenti
758 2989 895 3049 verbalis
922 2989 1060 3050 condam
1086 2988 1240 3070 Stephani
1266 2987 1345 3049 labri
1372 2988 1486 3049 Milecz

222 3094 299 3156 dicti
324 3107 355 3156 et
373 3095 480 3156 uxoris
503 3114 571 3172 sue,
603 3094 790 3156 auctoritate
807 3095 1043 3156 testamentaria
1055 3094 1232 3175 legacionis
1256 3113 1334 3176 pure
1359 3107 1488 3175 propter

224 3199 320 3261 deum
345 3213 375 3262 et
399 3220 457 3282 pro
489 3201 658 3262 animabus
691 3200 907 3282 predictorum
941 3200 1048 3279 dedit,
1080 3200 1198 3281 legavit
1230 3215 1260 3261 et
1285 3200 1486 3281 perpetuavit

224 3305 325 3367 Paulo
338 3304 429 3368 fabro
443 3305 510 3367 filio
524 3306 661 3367 Emerici
676 3305 715 3366 de
731 3306 877 3368 Klolroch
891 3319 921 3367 et
937 3306 1003 3367 suis
1016 3305 1187 3367 heredibus
1204 3319 1234 3368 et
1247 3306 1487 3387 posteritatibus

224 3411 381 3473 universis
404 3412 497 3474 civile
522 3426 552 3473 et
577 3410 714 3474 fundum
740 3413 883 3494 ipsorum
908 3413 939 3473 iu
968 3413 1095 3475 civitate
1127 3426 1233 3475 nostra
1259 3414 1341 3474 inter
1365 3411 1483 3473 fundos

223 3537 240 3579 a
258 3533 345 3600 parte
363 3518 615 3600 septemtrionali
641 3520 803 3601 arcuparis
827 3521 925 3595 (deest)
943 3534 974 3580 et
991 3520 1124 3601 provide
1148 3519 1292 3581 mulieris
1307 3518 1423 3579 lelicza
1438 3537 1485 3579 re·

227 3623 301 3685 licte
314 3622 452 3685 condam
468 3623 634 3685 Michaelis
651 3623 796 3706 pellificis
817 3644 911 3706 supra
929 3645 1038 3685 versus
1052 3640 1176 3707 portam
1191 3626 1317 3686 Novam
1331 3624 1487 3686 habitum.

328 3729 405 3791 ltem
431 3729 593 3791 lohannes
618 3716 758 3811 agricola
783 3729 868 3790 filius
892 3730 1030 3792 condam
1056 3730 1235 3792 Clementis
1260 3730 1299 3791 de
1326 3731 1484 3814 Bosyako,

224 3834 388 3916 quandam
413 3835 539 3896 vineam
565 3855 655 3896 suam
677 3836 934 3898 condicionalem
954 3837 985 3897 in
1011 3837 1172 3898 territorio
1191 3850 1300 3897 nostro
1325 3836 1489 3897 condicio·

223 3940 288 4003 nali
315 3941 398 4003 inter
421 3942 548 4003 vineam
573 3940 697 4003 domini
725 3942 878 4024 Stephani
900 3943 1067 4025 presbiteri
1094 3943 1295 4025 prebendarii
1321 3942 1489 4024 hospitalis

223 4048 315 4110 beate
341 4047 442 4109 Marie
467 4048 599 4129 virginis
625 4049 656 4109 in
682 4049 808 4109 civitate
833 4064 941 4110 nostra
966 4048 1102 4126 fundati,
1126 4069 1143 4111 a
1169 4063 1256 4131 parte
1281 4049 1486 4110 meridionali

224 4154 385 4215 mediante
411 4152 530 4216 fossato
554 4174 611 4215 seu
628 4170 735 4216 meatu
753 4174 836 4236 aque
854 4156 1015 4237 pluvialis,
1032 4175 1068 4216 ac
1087 4157 1168 4217 inter
1187 4156 1314 4217 vineam
1333 4156 1488 4216 Anthonii

222 4260 340 4321 sutoris
365 4259 472 4342 Segyn
491 4261 605 4337 vocati,
623 4281 640 4321 a
657 4261 911 4343 septemtrionali
929 4276 1029 4344 parte,
1050 4282 1106 4344 per
1132 4277 1249 4323 metam
1275 4262 1489 4342 quarumdam

224 4366 359 4427 duarum
385 4368 534 4427 arborum
560 4386 652 4427 cruce
670 4366 865 4446 signatarum
884 4368 979 4428 unius
1003 4368 1122 4429 scilicet
1147 4367 1277 4428 sorbelli
1302 4368 1333 4427 in
1361 4366 1492 4429 fossato,

224 4472 365 4555 ipsarum
390 4472 557 4533 vinearum
582 4473 892 4534 circumvicinalium
922 4493 1020 4555 penes
1052 4474 1136 4534 viam
1163 4491 1369 4534 communem
1395 4493 1490 4555 supe·

223 4577 341 4641 riorem
365 4578 422 4640 site
447 4593 478 4640 et
501 4578 632 4640 alterius
655 4578 762 4640 salicis
785 4577 970 4641 inferiorem
988 4598 1088 4662 prope
1113 4580 1198 4639 viam
1224 4577 1410 4641 inferiorem
1435 4578 1490 4641 ha·

224 4684 300 4765 bite,
324 4705 381 4768 per
404 4700 521 4749 metam
555 4685 637 4748 inter
669 4684 798 4747 easdem
832 4685 912 4748 duas
944 4688 1074 4748 arbores
1105 4699 1136 4747 et
1167 4685 1249 4748 inter
1281 4686 1361 4747 vites
1393 4683 1489 4747 inter·

224 4790 388 4857 mediante
413 4791 453 4856 de
478 4812 540 4855 una
563 4793 714 4855 arborum
746 4791 962 4873 predictarum
994 4792 1035 4855 ad
1059 4792 1155 4855 aliam
1174 4806 1258 4854 recte
1283 4790 1489 4875 procedendo
