3428 5256
727 345 910 405 Inventam.
1398 362 1457 426 ¹²9

300 554 376 617 ltem
403 575 499 617 aurea
524 555 611 637 palla
628 555 746 635 altaris,
767 556 807 618 de
824 558 972 634 lramolra,
991 556 1112 618 habena
1129 556 1161 617 in
1179 576 1212 618 se
1237 555 1355 637 figuras
1372 555 1458 618 fron·

194 663 284 723 dium
309 682 366 724 seu
391 660 556 741 loliorum,
581 681 654 724 cum
673 662 833 724 similibus
848 662 976 744 angulis
992 663 1032 724 de
1050 682 1128 724 auro
1145 664 1312 740 contextis,
1336 662 1460 724 habens

192 783 223 830 et
247 788 373 830 comam
399 788 575 831 cumauro
607 782 711 830 sutam
747 783 778 831 et
808 768 920 847 serico,
953 768 1125 830 habentem
1149 769 1286 831 sericum
1312 769 1457 850 pendens

193 889 224 937 et
248 894 312 936 non
337 873 473 937 filatum.

298 981 376 1042 item
401 981 530 1042 inventa
555 996 601 1043 est
625 982 686 1043 alia
711 981 801 1062 palla
833 981 955 1043 habens
979 982 1114 1044 rubeum
1149 1000 1299 1062 campum
1324 995 1355 1043 et
1379 981 1459 1040 vires

193 1105 249 1147 seu
275 1085 352 1148 lolia
378 1088 668 1149 creberrimorum
694 1107 772 1149 auro
804 1089 907 1166 textis,
931 1107 1006 1150 cum
1038 1108 1129 1150 coma
1161 1103 1191 1149 et
1222 1107 1288 1149 uno
1312 1087 1458 1168 angulari

194 1212 266 1253 cum
291 1212 370 1254 auro
395 1191 495 1271 factis,
520 1208 550 1254 et
575 1194 688 1255 eadem
720 1194 805 1276 palla
838 1193 934 1256 habet
968 1195 999 1255 in
1034 1213 1096 1256 uua
1121 1194 1204 1276 plica
1229 1191 1370 1255 inferiori
1404 1193 1457 1253 de·

195 1297 323 1362 lectum.

301 1405 378 1467 Item
404 1420 477 1466 sunt
502 1407 603 1467 eciam
627 1406 757 1468 inventa
789 1406 928 1487 quedam
961 1421 1150 1468 ornamenta
1181 1405 1290 1468 altaris
1313 1407 1457 1488 antiqua,

197 1512 316 1573 babent
340 1527 446 1574 tamen
472 1514 627 1574 mensalia
651 1514 726 1574 satis
750 1514 845 1574 bona.

297 1635 375 1697 Item
400 1650 446 1697 est
471 1656 554 1697 unus
578 1656 703 1718 pannus
726 1637 858 1697 sericius
881 1636 1022 1696 diversas
1050 1636 1217 1719 ymagines
1241 1637 1340 1698 sancti
1367 1636 1450 1698 Mar·

192 1742 250 1802 tini
276 1742 408 1804 habens.

297 1848 375 1909 ltem
400 1869 463 1910 una
488 1849 572 1931 palla
597 1849 729 1930 antiqua
754 1847 871 1928 figuras
901 1850 993 1910 beate
1025 1847 1159 1927 virginis
1191 1862 1222 1908 et
1246 1846 1303 1908 filii
1328 1849 1397 1911 eius
1420 1869 1456 1912 ac

189 1950 310 2036 Josepb
336 1969 367 2014 et
391 1967 555 2036 pastorum
580 1970 676 2036 atque
695 1956 869 2016 bestiarum
896 1974 968 2016 curn
986 1954 1231 2036 joculatoribus,
1255 1955 1336 2016 sicut
1361 1955 1454 2017 Chri·

190 2073 257 2121 stus
281 2058 342 2121 luit
366 2074 469 2123 natus.

297 2167 373 2228 Item
399 2188 461 2229 una
486 2168 571 2250 palla
597 2167 635 2228 de
660 2187 739 2229 auro
764 2169 796 2229 io
821 2186 936 2248 campo
967 2167 1042 2228 albo
1066 2168 1134 2228 sine
1167 2165 1309 2228 lontsliis
1334 2181 1364 2229 et
1387 2169 1456 2229 sine

193 2274 330 2355 angulis,
355 2294 427 2336 cum
453 2289 527 2337 octo
551 2275 653 2357 plicis.

299 2380 374 2442 ltem
401 2381 550 2443 inventus
575 2395 622 2443 est
646 2401 729 2442 unus
753 2401 878 2463 pannus
895 2381 1016 2442 habens
1039 2401 1190 2463 campum
1215 2381 1313 2441 blavii
1338 2381 1456 2441 coloris

191 2500 319 2547 etcum
344 2487 438 2548 certis
459 2486 593 2547 floribus
617 2501 648 2547 et
672 2488 768 2547 ramis
793 2487 831 2546 de
861 2501 1006 2568 argento,
1031 2488 1085 2568 qui
1110 2487 1178 2548 sedi
1203 2487 1379 2568 episcopali
1404 2505 1455 2547 su·

190 2593 325 2674 perponi
358 2594 449 2655 solet.

294 2698 371 2759 Item
396 2699 461 2760 duo
487 2699 640 2761 mensalia
666 2718 781 2780 magna
806 2712 837 2760 et
861 2699 927 2760 duo
951 2699 1151 2779 manutergia
1175 2698 1371 2760 communia.

296 2823 373 2885 Item
414 2844 514 2884 unum
551 2825 638 2885 aliud
675 2824 933 2905 manutergium,
968 2824 1056 2906 quod
1092 2823 1174 2884 solet
1208 2843 1303 2905 super
1338 2841 1454 2904 corpus

190 2928 373 2990 Innocentis
397 2931 485 3012 poni.

293 3034 371 3096 Item
398 3055 497 3096 unum
523 3034 718 3097 aurifrisium
744 3036 877 3116 longum
903 3051 933 3096 et
950 3035 1050 3095 latum
1077 3054 1245 3096 cumauro
1270 3048 1452 3098 consutum.

296 3141 373 3203 ltem
399 3141 487 3202 aliud
512 3141 618 3202 minus
645 3155 676 3202 et
697 3141 876 3222 antiquum.

256 3373 463 3452 Sequitur
489 3371 779 3433 inventarium
805 3371 851 3431 de
877 3371 997 3448 albis,
1022 3371 1318 3431 humeralibus
1343 3384 1381 3431 et

612 3477 805 3557 cingulis
830 3491 866 3537 et
891 3477 1029 3538 stolis.

293 3621 371 3682 ltem
398 3622 526 3681 invente
551 3635 624 3681 sunt
649 3619 760 3700 viginti
793 3619 864 3680 albe
894 3618 975 3679 inter
999 3619 1182 3700 solempnes
1214 3632 1244 3678 et
1269 3617 1375 3678 minus
1396 3637 1448 3678 so-

187 3729 344 3810 lempnes,
369 3745 427 3808 pro
452 3726 566 3786 maiori
591 3739 679 3806 parte
704 3725 742 3784 de
768 3726 852 3785 bona
877 3723 950 3786 tela.

293 3835 368 3896 item
380 3835 492 3914 viginti
504 3832 707 3916 (hlumeralia
724 3847 754 3892 et
766 3846 831 3892 tota
846 3831 1037 3913 sollempnia
1048 3845 1078 3891 et
1092 3831 1287 3906 communia,
1306 3847 1445 3910 quorum

189 3962 287 4004 unum
310 3956 356 4003 est
381 3960 453 4002 cum
472 3941 568 4021 perlis
594 3954 777 4000 contextum
803 3939 833 3999 in
861 3958 968 4019 panno
985 3939 1099 3999 sericio
1117 3938 1220 3997 blavei
1239 3937 1356 3997 coloris
1373 3955 1445 3998 cum

187 4051 332 4130 quinque
357 4046 519 4129 lapidibus
544 4046 652 4107 viridis
676 4046 793 4107 coloris
817 4045 847 4105 in
873 4063 952 4105 auro
976 4045 1090 4126 ligatis.

293 4155 369 4217 ltem
403 4174 466 4215 una
499 4154 590 4230 alba,
622 4151 827 4232 (h)umerale,
860 4152 1061 4233 manipulum
1096 4165 1125 4211 et
1157 4149 1237 4211 stola
1271 4150 1302 4209 in
1328 4148 1450 4231 capella

185 4276 293 4324 sancte
318 4259 496 4344 Elyzabeth
522 4259 668 4321 habetur.

292 4367 369 4429 ltem
395 4366 482 4427 aliud
508 4364 698 4444 (hlumerale
730 4384 803 4426 cum
837 4365 1010 4426 luminibus
1043 4363 1201 4444 argenteis
1233 4361 1394 4423 deauratis
1418 4374 1449 4422 et

185 4474 281 4556 perlis
305 4472 528 4534 minutissimis
553 4485 583 4532 et
608 4471 770 4552 lapidibus
793 4470 988 4551 quibusdam
1014 4471 1046 4530 io
1072 4488 1180 4551 panno
1205 4470 1305 4529 rubeo
1330 4467 1448 4530 sericio

184 4593 381 4642 contextum.

288 4684 366 4747 ltem
392 4704 491 4746 unum
516 4703 590 4745 cum
615 4684 744 4746 duobus
767 4683 916 4744 leonibus
938 4679 1167 4744 aurifrisatum.

287 4791 366 4855 item
390 4810 491 4853 unum
515 4790 603 4852 aliud
628 4808 702 4851 curu
723 4789 867 4871 quinque
887 4787 1001 4850 avibus
1024 4787 1231 4869 aquillarum.
