3428 5256
828 1337 861 1416 V

223 1589 326 1663 Anno
362 1587 471 1664 1510.
503 1588 715 1688 Registrum
753 1610 863 1687 super
900 1588 1007 1661 rebus
1046 1586 1203 1661 ecclesie
1231 1586 1488 1684 zagrabiensis

223 1721 305 1801 etc,
333 1720 513 1810 tamquam
543 1713 588 1785 de
616 1734 711 1786 novo
740 1719 823 1785 sunt
852 1710 1039 1808 disposite,
1070 1718 1109 1783 et
1137 1710 1251 1784 eciam
1281 1731 1349 1807 que
1369 1709 1486 1783 conti·

226 1844 357 1910 nentur
393 1835 426 1908 in
465 1835 666 1909 inventario
704 1833 845 1933 prefate
884 1833 1049 1924 ecclesie,
1088 1833 1272 1907 conversis
1300 1840 1422 1907 tumen
1451 1833 1487 1906 in

802 1977 915 2030 usum.

329 2202 404 2263 ltem
431 2203 536 2284 primo
562 2201 601 2262 de
638 2221 699 2262 una
733 2201 854 2263 cortina
891 2201 953 2262 due
987 2220 1102 2282 mappe
1135 2199 1215 2261 facte
1248 2215 1321 2261 sunt
1345 2200 1485 2261 duorum

221 2308 384 2387 altarium,
409 2307 558 2369 videlicet
582 2306 621 2367 ad
646 2326 715 2367 aras
740 2307 888 2368 exteriori
914 2320 944 2366 et
970 2306 1111 2366 interiori
1136 2306 1288 2367 sacristia.

328 2412 406 2474 ltem
431 2412 572 2474 secunda
598 2413 720 2475 cortina
739 2428 804 2474 erat
822 2413 923 2473 divisa
944 2413 1056 2473 intres
1080 2427 1195 2493 partes,
1220 2412 1306 2472 etde
1331 2410 1384 2474 illa
1403 2409 1486 2472 facta

222 2532 267 2580 est
292 2538 407 2600 mappa
432 2539 484 2578 are
508 2533 614 2580 sancte
641 2518 764 2581 Crucis.

328 2624 405 2685 ltem
432 2625 619 2686 barbamum
650 2625 772 2703 album,
804 2626 950 2706 simplex,
984 2640 1029 2686 est
1062 2625 1242 2706 expositum
1267 2624 1307 2685 ad
1332 2643 1484 2705 mappam

222 2749 274 2790 are
299 2744 405 2790 sancte
432 2729 543 2792 Crucis
567 2745 597 2791 et
622 2730 660 2791 ad
687 2730 870 2812 manipulos
895 2744 924 2791 et
949 2731 1068 2791 stollas.

328 2835 405 2896 ltem
430 2837 557 2918 tapheta
582 2837 653 2898 alba
679 2852 725 2898 est
749 2837 891 2919 exposita
923 2837 963 2897 ad
988 2850 1119 2898 ornatus
1150 2836 1364 2897 sacerdotales
1388 2848 1419 2896 et
1443 2834 1483 2896 ad

222 2961 348 3024 cappas.

328 3049 403 3108 ltem
428 3048 543 3109 sindon
570 3049 669 3109 eciam
695 3063 740 3109 cst
766 3049 945 3128 expositum
970 3048 1009 3109 ad
1035 3068 1122 3109 aram
1147 3063 1254 3110 sancte
1280 3048 1403 3110 Crucis.

328 3155 404 3215 ltem
431 3155 595 3216 humerale
620 3174 698 3215 auro
724 3169 855 3232 textum,
886 3156 1133 3216 Annuncionem
1159 3155 1292 3236 virginis
1317 3155 1348 3215 in
1372 3175 1404 3214 se
1429 3153 1482 3214 lra-

222 3262 311 3338 bens,
336 3275 382 3321 est
414 3262 553 3341 positum
587 3260 625 3320 ad
659 3274 808 3322 ornatum
842 3261 1071 3322 sacerdotalem
1105 3261 1144 3322 de
1176 3262 1247 3322 alba
1286 3275 1316 3321 et
1340 3260 1484 3323 florizata

223 3369 359 3427 ksmuka
385 3368 414 3427 in
441 3387 504 3448 qua
529 3381 575 3427 est
599 3387 673 3427 crux
692 3366 842 3428 deaurata
861 3367 982 3430 habens
1000 3368 1173 3448 imaginem
1193 3368 1367 3429 Salvatoris
1390 3386 1483 3428 oren·

222 3488 285 3534 tem
312 3473 343 3533 in
378 3488 486 3534 monte
520 3472 653 3550 Oliveti,
689 3486 718 3533 et
750 3474 831 3534 circa
866 3473 956 3535 illum
989 3488 1138 3534 ornatum
1171 3474 1292 3551 omnia,
1317 3473 1483 3536 videlicet:

222 3580 305 3655 alba,
331 3579 524 3660 manipulus,
549 3579 628 3639 stola
654 3593 684 3639 et
708 3579 855 3659 cingulus
879 3593 952 3641 sunt
977 3579 1016 3641 de
1042 3599 1127 3641 novo
1152 3579 1315 3661 disposita

329 3686 405 3746 ltem
431 3686 537 3745 casula
556 3685 595 3747 de
619 3685 721 3746 flaveo
739 3706 879 3767 purpure
906 3686 1086 3747 refformata
1104 3705 1176 3746 cum
1203 3687 1268 3746 suis
1292 3685 1484 3764 attinenciis,

222 3791 390 3852 videlicet:
416 3792 498 3868 alba,
532 3791 711 3873 manipulo,
742 3792 854 3866 stolla3
887 3792 926 3853 de
959 3811 1044 3853 novo
1076 3791 1196 3852 ibidem
1226 3807 1272 3851 est
1296 3793 1483 3874 impositum

223 3896 397 3974 humerale,
423 3898 454 3957 in
481 3916 545 3977 quo
570 3911 614 3956 est
640 3898 747 3977 imago
780 3897 954 3959 Salvatoris
986 3899 1016 3958 in
1043 3897 1132 3959 cuius
1164 3915 1261 3956 manu
1287 3899 1412 3959 sinistra
1438 3911 1484 3961 est

222 4022 366 4083 pomum,
390 4018 460 4063 eta
493 4003 619 4063 dextera
654 4004 760 4083 imago
785 4005 884 4065 sancti
920 4004 1001 4064 Petri
1026 4021 1098 4065 cum
1124 4002 1278 4079 clavibus,
1304 4024 1320 4064 a
1345 4005 1483 4066 sinistris

223 4109 329 4188 imago
353 4111 451 4169 sancti
479 4109 566 4169 Pauli
593 4128 664 4169 cum
689 4109 809 4189 gladio.

329 4215 404 4276 ltem
431 4229 562 4276 ornatus
587 4214 625 4275 de
652 4216 788 4275 kamuka
814 4214 906 4276 flavei
931 4235 986 4277 seu
1003 4213 1148 4276 celestini
1173 4213 1302 4291 coloris,
1327 4215 1482 4295 florizata,

224 4321 255 4381 in
281 4322 371 4382 cuius
396 4342 488 4382 cruce
506 4335 552 4383 est
577 4323 684 4402 imago
703 4321 876 4383 Salvatoris
893 4342 966 4384 curn
984 4322 1128 4403 quinque
1146 4319 1351 4398 vulneribus;
1375 4324 1481 4385 reffor-

223 4440 327 4487 matus
351 4446 421 4488 cum
448 4428 599 4487 omnibus
622 4428 803 4488 attinenciis
826 4428 865 4489 de
891 4447 986 4490 novo·

329 4532 405 4593 ltem
425 4549 555 4594 ornatus
580 4535 619 4594 de
637 4553 776 4615 purpure
794 4536 895 4595 rubeo
919 4534 951 4594 in
968 4533 1059 4595 cuius
1076 4552 1169 4595 cruce
1185 4549 1232 4595 est
1245 4534 1352 4613 imsgo
1370 4535 1480 4598 Cruci·

222 4635 274 4698 fixi
300 4657 372 4700 cum
397 4639 468 4699 aliis
494 4639 689 4720 imaginibus
711 4638 752 4699 de
776 4638 936 4720 passione,
960 4651 991 4699 et
1006 4636 1209 4701 refformstus
1232 4656 1305 4699 cum
1330 4643 1483 4704 omnibus

224 4744 296 4806 aliis
319 4745 500 4808 attinenciis
524 4746 562 4804 de
588 4764 684 4806 novo.
