3428 5256
788 359 970 421 Inventaria.
1453 380 1509 442 ¹73

247 569 339 649 nigro
374 567 478 650 »figite
512 570 552 631 de
584 570 692 632 medio
728 570 935 648 babilonis«,
959 585 990 631 et
1023 571 1054 631 in
1080 569 1142 632 fine
1175 570 1247 631 libri
1273 568 1342 632 finit
1370 587 1510 652 »septem

246 674 351 735 occuli
376 691 481 739 sunt«.

351 781 444 861 Item,
467 782 548 843 alius
572 783 653 844 liber
669 785 922 863 sermocionalis,
947 785 1002 866 qui
1026 784 1138 864 incipit
1167 785 1300 846 »salutat
1324 804 1381 845 vos
1407 786 1509 845 Lucas

247 887 423 966 medicus«,
459 888 544 950 etin
570 887 632 950 fine
671 890 772 971 prime
808 891 924 972 pagine
957 890 1088 952 secundi
1122 889 1190 951 lolii
1226 888 1296 950 finit
1335 890 1510 951 »ursimus

246 1007 398 1072 stantes«,
423 995 509 1056 etin
535 993 590 1057 fini
616 995 688 1057 libri
713 995 783 1058 finit
818 996 875 1058 »de
900 1016 966 1078 quo
990 1015 1073 1074 sum,
1096 996 1224 1077 gaudeo
1258 1011 1383 1074 natus«,
1408 1010 1439 1058 et
1463 1010 1509 1057 est

247 1115 422 1183 coopertus
439 1100 478 1163 de
503 1101 598 1163 viridi
627 1103 726 1165 corio.

352 1207 441 1285 ltem,
466 1227 549 1269 unus
574 1208 656 1269 alius
673 1208 803 1270 libellus
819 1209 1062 1271 sermocionalis
1080 1228 1191 1271 carens
1208 1209 1367 1290 principio
1391 1223 1423 1270 et
1436 1206 1511 1285 fine,

246 1313 314 1375 sine
340 1313 508 1375 asseribus.

353 1419 443 1497 Item,
467 1439 550 1481 unus
574 1420 656 1481 alius
688 1420 770 1482 liber
801 1422 1047 1483 sermocionalis
1072 1422 1103 1482 in
1129 1422 1253 1504 papiro,
1285 1436 1453 1503 corruptus
1478 1421 1509 1481 in

245 1526 405 1608 principio
431 1525 470 1586 de
495 1525 700 1603 humiditate,
724 1542 755 1588 et
771 1528 915 1589 continet
932 1529 962 1588 in
980 1548 1013 1589 se
1031 1528 1200 1610 epistolam
1219 1527 1324 1590 Cirilli
1350 1528 1388 1588 de
1407 1542 1509 1590 morte

246 1631 416 1694 Heronimi
442 1647 473 1694 et
497 1633 681 1714 Augustini,
706 1647 738 1695 et
769 1633 1000 1695 meditationes
1033 1634 1178 1695 Anselmi
1215 1647 1246 1696 et
1269 1653 1375 1695 sermo
1400 1639 1509 1713 Augu·

244 1739 318 1800 stini
344 1738 383 1799 de
409 1739 548 1819 imagine
573 1738 703 1816 Christi,
727 1753 759 1800 et
783 1754 829 1801 est
852 1754 1023 1822 coopertus
1048 1740 1086 1800 de
1111 1739 1217 1801 viridi.

352 1845 441 1923 ltem,
466 1865 549 1906 unus
574 1846 654 1907 alius
679 1846 760 1907 liber
783 1846 1026 1908 sermocionalis
1050 1847 1082 1907 in
1101 1847 1223 1929 papiro,
1241 1861 1272 1909 et
1297 1847 1408 1928 incipit
1436 1847 1509 1908 »Sic

245 1952 361 2012 currite
387 1966 421 2012 ut
445 1951 757 2033 comprehendatis«,
782 1968 813 2013 et
838 1953 869 2013 in
894 1950 957 2014 fine
982 1952 1055 2014 libri
1072 1951 1142 2014 finit
1170 1972 1286 2034 »quam
1312 1953 1404 2014 vobis
1429 1972 1504 2014 con·

244 2057 334 2119 cedat
358 2072 389 2119 et
413 2073 545 2120 caetera.
571 2064 709 2136 Amen«,
733 2073 764 2120 et
789 2072 835 2121 est
859 2074 1029 2140 coopertus
1053 2059 1092 2119 de
1118 2059 1224 2121 viridi.

352 2165 440 2243 ltem,
466 2185 548 2226 unua
573 2165 654 2226 liber
679 2165 771 2242 alius,
805 2181 835 2228 et
866 2180 913 2227 est
936 2165 976 2227 de
1007 2165 1158 2227 laudibus
1190 2167 1282 2226 beate
1308 2166 1451 2245 virginis,
1476 2181 1506 2226 et

246 2272 357 2351 incipit
379 2290 452 2332 cum
478 2272 602 2332 rubrica
630 2271 762 2353 »Incipit
787 2272 941 2352 prologus
966 2272 996 2332 in
1024 2271 1141 2332 librum
1167 2272 1259 2333 beate
1284 2271 1449 2352 virginis«,
1475 2286 1506 2333 et

245 2379 275 2438 in
295 2377 357 2438 fine
375 2377 446 2438 libri
465 2375 534 2438 finit
554 2377 1033 2460 »paterneglorieclaritatem‹,
1050 2392 1082 2438 et
1099 2392 1145 2438 est
1162 2392 1333 2458 coopertus
1357 2378 1395 2437 de
1418 2378 1503 2438 albo.

350 2482 438 2559 ltem,
464 2483 686 2563 exposiciones
709 2484 942 2544 vocabulorum
967 2503 1023 2565 per
1047 2482 1255 2565 alphabetum
1281 2483 1449 2544 continens
1474 2483 1505 2542 in

244 2586 307 2649 fine
332 2588 485 2670 prologos
509 2589 592 2650 beati
619 2589 774 2650 leronimi
802 2589 832 2649 in
858 2608 971 2650 omnes
1000 2589 1100 2649 libros
1124 2569 1233 2649 divine
1258 2589 1377 2670 ystorie
1402 2603 1433 2649 et
1457 2602 1505 2649 to·

244 2695 312 2755 cius
325 2695 447 2770 bibilie,
472 2709 502 2755 et
527 2695 639 2777 incipit
665 2694 832 2756 »difficiles
849 2695 963 2757 studeo
981 2709 1117 2778 partes«,
1142 2695 1224 2755 etin
1250 2692 1313 2755 fine
1338 2695 1410 2755 libri
1437 2693 1506 2755 finit

250 2801 407 2882 »Explicit
430 2816 581 2862 tractatus
605 2802 693 2863 iste«.

351 2906 440 2983 Item,
465 2908 546 2968 liber
572 2907 743 2985 Brandani,
760 2922 791 2969 et
809 2907 921 2989 incipit
950 2921 1094 2968 »sanctus
1113 2907 1332 2978 Brandanusr,
1358 2921 1387 2966 et
1413 2906 1507 2966 habet

244 3014 275 3073 in
300 3012 363 3074 fine
388 3013 580 3095 opusculum
607 3013 646 3073 de
664 3015 820 3095 regimine
845 3014 989 3075 sanitatis
1007 3013 1221 3094 compositum
1236 3033 1291 3093 per
1311 3013 1506 3087 Elbulrasen,

244 3135 274 3179 et
299 3120 329 3179 in
355 3118 417 3180 fine
443 3119 514 3180 libri
540 3117 610 3179 finit
637 3120 737 3181 »sicut
761 3120 899 3201 pertinet
924 3120 1080 3181 maiestati
1106 3139 1194 3180 sue‹.

524 3312 770 3394 Sequuntur
801 3312 906 3373 libri
933 3311 1228 3374 medicinales.

351 3457 470 3534 Primo,
496 3457 577 3518 liber
601 3454 717 3516 tercius
741 3453 895 3529 Avicena,
928 3453 967 3513 de
1004 3454 1219 3536 pulcherrima
1245 3453 1359 3527 littera,
1385 3452 1507 3514 habens

246 3563 275 3623 in
303 3563 460 3644 principio
485 3561 622 3644 capitula
649 3560 723 3621 dicti
749 3560 866 3641 operis,
899 3574 929 3620 et
954 3561 1065 3641 incipit
1090 3579 1145 3640 per
1170 3559 1328 3619 rubricam
1362 3559 1506 3618 »Edictio

244 3669 346 3750 prima
370 3669 409 3730 de
435 3667 591 3728 universis
615 3666 884 3747 egritudinibus«,
909 3678 940 3726 et
965 3666 996 3725 in
1021 3663 1083 3726 fine
1106 3665 1207 3746 prime
1231 3666 1348 3745 pagine
1373 3663 1505 3724 secundi

244 3775 310 3838 lolii
337 3775 405 3836 finit
434 3776 598 3857 primam,
623 3789 657 3835 ut
681 3774 711 3834 in
739 3774 839 3854 ipsa«,
863 3774 942 3834 etin
960 3770 1023 3833 fine
1041 3773 1112 3833 libri
1131 3770 1199 3832 finit
1221 3771 1506 3849 ›dedecoracione,

244 3883 306 3943 deo
331 3898 440 3943 nostro
464 3881 618 3961 gracias«.

350 3989 438 4064 ltem,
462 3989 542 4049 liber
567 3987 746 4048 Albumetri
774 3987 885 4067 Rasys,
912 3984 1032 4046 habens
1064 3984 1202 4065 capitula
1228 3984 1334 4064 operis
1358 3984 1389 4043 in
1416 3985 1504 4065 prin·

243 4096 339 4176 cipio,
364 4109 394 4157 et
412 4095 522 4176 incipit
546 4095 627 4156 liber
656 4093 808 4154 »Creator
832 4092 977 4152 omnium
997 4090 1107 4166 deus«,
1133 4106 1162 4151 et
1188 4091 1219 4151 in
1245 4088 1307 4150 fine
1331 4090 1432 4171 prime
1450 4110 1505 4170 pa·

242 4202 317 4282 gine
342 4203 473 4262 secundi
500 4200 568 4262 lolii
594 4199 663 4260 finit
698 4200 748 4259 »in
782 4218 916 4278 corpore
949 4212 1109 4273 eventui«,
1139 4198 1260 4257 habens
1285 4198 1314 4256 in
1341 4195 1405 4257 fine
1431 4197 1503 4258 libri

244 4309 466 4390 esposiciones
490 4307 720 4367 vocabulorum
747 4305 961 4381 ebreicorum,
983 4320 1013 4364 et
1036 4303 1104 4365 finit
1122 4304 1202 4364 liber
1223 4303 1362 4364 »auxilio
1387 4304 1438 4365 dei
1458 4305 1504 4364 in·

244 4417 432 4497 cipimus«.

349 4522 436 4596 ltem,
461 4520 541 4581 liber
567 4519 762 4601 Serapionis,
786 4533 816 4579 et
841 4518 951 4599 incipit
978 4518 1009 4578 in
1035 4518 1127 4598 nigro
1155 4532 1346 4598 »postquam
1374 4517 1437 4576 vidi
1467 4517 1504 4577 li·

244 4630 335 4689 brum
363 4627 555 4688 Diascolidis
579 4642 608 4688 et
634 4627 750 4687 librum
776 4624 956 4702 Galienisr,
991 4639 1021 4687 et
1046 4625 1076 4687 in
1102 4624 1164 4686 fine
1189 4625 1291 4706 prime
1316 4624 1432 4706 pagine
1456 4644 1503 4684 se·

243 4735 339 4795 cundi
365 4733 434 4796 lolii
460 4732 529 4795 finit
558 4733 634 4794 verit
659 4732 689 4792 in
715 4747 863 4813 quarto«,
887 4747 918 4793 et
936 4733 966 4793 in
992 4731 1055 4794 fine
1073 4733 1145 4794 libri
1172 4731 1240 4793 finit
1270 4730 1503 4794 »calefaccione

243 4855 273 4902 et
297 4840 514 4915 exsiccacione
540 4838 647 4903 lorti«.
