3428 5256
755 404 939 468 Inventaria.
1423 426 1482 491 r47

322 615 411 696 Item,
437 637 519 679 unus
545 617 680 680 berillus
703 637 819 700 magne
844 619 1042 700 quantitatis.

323 722 413 802 Item,
437 737 511 786 sunt
536 737 674 804 quatuor
697 725 802 786 baculi
828 745 885 786 seu
909 727 1024 807 sceptri
1050 741 1243 789 coratorum.

322 827 412 907 Item,
438 828 500 891 due
525 848 621 912 parve
646 829 770 912 pixides
793 850 867 893 cum
892 830 1039 912 reliquiis
1062 852 1135 894 cum
1160 833 1248 895 setis.

322 952 412 1031 Item,
437 973 537 1016 unum
562 953 685 1016 monile
709 954 749 1016 de
779 969 912 1036 argento
929 955 1129 1035 deauratum,
1155 956 1277 1019 habens
1302 958 1332 1019 in
1358 978 1391 1020 se
1408 974 1481 1020 octo

216 1058 362 1139 saphiros
385 1074 416 1121 et
432 1074 553 1142 septem
579 1059 683 1142 perlas
700 1080 844 1142 magnas,
868 1063 1051 1146 ymaginem
1070 1063 1245 1125 Salvatoris
1266 1083 1338 1126 cum
1357 1064 1482 1127 duabus

216 1165 431 1246 ymaginibus.

322 1271 398 1333 ltem
424 1286 487 1334 tres
511 1274 644 1335 urceolli
669 1274 709 1336 de
726 1289 871 1356 argento,
896 1275 1039 1338 deaurati
1058 1296 1124 1339 oon
1149 1279 1181 1339 in
1206 1292 1286 1358 toto,
1311 1278 1342 1340 in
1368 1298 1478 1362 super·

216 1375 287 1440 licie
312 1378 457 1461 dupplici
482 1398 575 1442 cruce
600 1381 791 1461 consignati,
816 1401 888 1443 cum
912 1401 1031 1444 corona
1060 1383 1222 1463 deaurata,
1247 1404 1306 1467 pto
1331 1386 1479 1448 crismate

216 1498 247 1546 et
271 1485 352 1547 oleis
375 1486 471 1547 sacris
496 1500 526 1548 et
550 1486 624 1549 oleo
650 1485 862 1565 infirmorum,
887 1488 926 1549 de
954 1509 1039 1551 novo
1064 1489 1149 1553 lacti.

322 1609 412 1688 ltem,
436 1611 498 1671 due
515 1610 658 1692 ampulle
683 1611 722 1672 de
739 1624 883 1692 argento,
902 1612 933 1672 in
951 1627 1019 1674 toto
1043 1613 1206 1691 deaurate,
1230 1634 1287 1697 per
1311 1616 1477 1696 quondam

216 1716 384 1777 dominum
410 1717 590 1779 iohannem
616 1718 710 1779 huius
733 1718 865 1780 ecclesie
890 1718 1079 1801 episcopum
1105 1720 1269 1802 disposite.

322 1822 412 1901 Item,
437 1839 576 1905 quatuor
600 1824 705 1886 baculi
729 1824 853 1886 corales
878 1824 917 1886 de
940 1840 1084 1906 argento,
1110 1827 1141 1887 in
1167 1827 1269 1908 capite
1294 1827 1359 1890 duo
1384 1828 1481 1890 deau-

216 1931 286 2007 tati,
310 1931 364 1992 alii
389 1932 454 1993 duo
480 1952 556 2010 non,
581 1933 667 1994 etin
692 1930 859 2014 superficie
884 1933 999 2013 signati
1025 1933 1168 2014 dupplici
1194 1953 1297 1998 cruce.

321 2037 410 2115 Item,
434 2038 500 2099 duo
525 2038 715 2100 candelabra
740 2053 890 2119 argentea
908 2040 939 2100 in
965 2040 1059 2101 certis
1083 2041 1226 2121 partibus
1250 2040 1413 2118 deaurata,
1439 2041 1478 2103 de

217 2161 300 2204 nova
325 2141 416 2207 facta.

319 2268 360 2327 ln
383 2270 582 2343 marginibus:
602 2266 802 2344 Item,unum
817 2268 1115 2350 patcirotbecarum
1133 2268 1377 2351 pontificalium,
1388 2271 1480 2333 ador-

216 2386 326 2434 natum
347 2392 420 2434 cum
437 2374 545 2456 perlis,
563 2387 593 2435 et
611 2374 642 2434 in
660 2374 804 2454 qualibet
828 2389 875 2435 est
899 2393 969 2435 rosa
994 2390 1143 2456 argentea
1172 2377 1333 2452 deaurata,
1359 2375 1476 2437 diversi

215 2481 332 2562 operis,
357 2481 389 2541 in
415 2499 551 2561 quarum
577 2499 639 2540 una
663 2493 736 2542 sunt
760 2479 900 2542 admitte
924 2479 1009 2543 xlv.
1034 2479 1132 2562 perle.

321 2587 423 2668 (Item,
448 2607 511 2648 una
536 2587 618 2668 pixis
641 2600 792 2667 argentea
817 2586 855 2646 ad
881 2587 1136 2648 conservandum
1161 2585 1281 2666 ostias.)

322 2711 427 2795 (ltem,
452 2712 572 2773 inventi
598 2725 672 2773 sunt
698 2731 793 2792 supra
818 2711 983 2792 premissa,
1007 2711 1073 2772 duo
1101 2711 1188 2773 anuli
1213 2709 1412 2793 pontificales
1441 2709 1480 2772 de

215 2837 297 2900 puro
322 2837 411 2894 auro,
436 2818 574 2898 quilibet
598 2817 741 2877 continet
765 2817 796 2877 in
822 2837 854 2878 se
880 2836 980 2878 unum
1005 2817 1169 2899 saphirum
1195 2815 1373 2897 magnum.)

324 2924 428 3003 (ltem,
454 2944 552 2985 unum
579 2922 740 3005 pectorale
773 2923 812 2984 de
837 2939 980 3005 argento,
1014 2923 1135 2985 habens
1159 2924 1190 2984 in
1215 2943 1247 2983 se
1273 2923 1355 2983 intra
1380 2940 1479 2982 unum

216 3032 391 3093 cristallum
418 3031 592 3112 imaginem
607 3028 758 3092 Crucifixi
783 3048 855 3091 cum
880 3030 1042 3111 lapidibus
1059 3030 1187 3092 duobus
1209 3028 1356 3111 saphiris,
1380 3029 1481 3089 tribus

216 3138 340 3199 rubinis
364 3152 394 3198 et
425 3137 526 3199 tribus
558 3136 724 3214 ametistis,
756 3155 882 3198 necnon
917 3156 980 3198 uno
1005 3137 1161 3218 tarquisio
1185 3154 1221 3196 ac
1246 3135 1310 3197 alio
1336 3135 1478 3216 quodam

216 3244 323 3326 lapide
346 3245 452 3326 glauci
477 3243 594 3305 coloris
619 3257 649 3305 et
674 3243 785 3305 decem
811 3242 931 3325 perlis.)

323 3369 411 3447 Item,
435 3389 519 3430 unus
542 3368 659 3429 anulus
691 3366 883 3450 pontificalis
918 3367 1057 3444 scilicet,
1092 3386 1165 3448 pars
1188 3366 1335 3447 superior
1359 3366 1480 3445 absque

217 3474 349 3549 circulo,
374 3476 406 3536 in
433 3475 523 3537 cuius
548 3473 655 3535 medio
681 3488 727 3535 est
744 3492 827 3535 unus
843 3473 924 3555 lapis
940 3473 1131 3551 subrubeus,
1156 3485 1186 3535 et
1211 3472 1243 3532 in
1263 3471 1397 3532 circuitu
1415 3470 1480 3531 duo

219 3581 362 3642 minores
387 3580 511 3662 lapides
544 3580 722 3642 consimilis
753 3580 881 3658 coloris,
906 3593 936 3641 et
967 3578 1021 3640 alii
1047 3579 1111 3640 duo
1144 3577 1268 3660 lapides
1292 3576 1409 3638 coloris
1432 3596 1480 3636 sa·

218 3685 320 3768 pbirei
345 3703 376 3748 et
401 3702 539 3768 quatuor
564 3687 650 3769 perle
673 3706 789 3768 magne
814 3700 844 3748 et
868 3687 944 3747 certi
962 3686 1084 3768 lapides
1110 3685 1191 3746 inter
1214 3685 1276 3745 alia
1302 3683 1479 3764 fragmenta

216 3794 344 3875 teperti.

322 3899 411 3977 ltem,
436 3899 578 3981 pixidem
603 3899 750 3976 balsami,
774 3898 946 3979 sigillatam
971 3897 1078 3976 sigillo
1103 3897 1222 3958 vicarii.

323 4005 414 4084 ltem,
439 4025 502 4067 una
527 4025 601 4066 crux
628 4003 735 4082 fracta,
760 4005 902 4085 antiqua,
921 4003 959 4064 de
985 4004 1085 4083 ligno,
1117 4016 1291 4083 argentata,
1316 4002 1478 4063 deaurata.

319 4113 397 4196 (alia
420 4132 527 4174 manu:
554 4132 615 4193 que
642 4113 673 4172 in
707 4125 774 4173 toto
800 4126 845 4171 est
878 4109 1038 4171 confracta
1071 4123 1102 4170 et
1126 4110 1157 4170 in
1184 4107 1326 4189 quodam
1350 4108 1480 4168 sacculo

217 4219 383 4303 reposita.)

323 4343 411 4422 Item,
437 4344 539 4405 maior
565 4343 680 4404 melior
697 4341 797 4403 infula
823 4360 895 4403 cum
915 4340 1076 4423 lapidibus
1094 4337 1174 4399 infra
1193 4337 1384 4399 nominatim
1403 4356 1481 4398 enu-

217 4451 388 4528 merandis,
414 4465 444 4513 et
468 4451 565 4532 perlis
590 4448 766 4510 maioribus
790 4462 820 4508 et
845 4447 1024 4509 minoribus
1049 4446 1139 4527 quasi
1164 4445 1231 4505 sine
1257 4463 1392 4504 numero
1409 4462 1480 4525 pre·

216 4557 362 4618 ordinata
389 4571 420 4619 et
444 4556 484 4617 de
509 4575 588 4617 auro
611 4555 785 4637 purissimo
821 4567 968 4616 contexta
994 4568 1024 4614 et
1055 4551 1217 4628 fabricata,
1250 4569 1313 4631 que
1338 4549 1482 4611 continet

217 4663 250 4724 in
274 4684 307 4725 se
332 4663 455 4746 lapides
480 4662 560 4724 inlra
579 4662 774 4739 nominatos,
791 4660 930 4723 scilicet:
952 4672 1080 4720 centum
1099 4672 1129 4719 et
1145 4657 1318 4720 duodecim
1337 4644 1480 4730 rubinos,

217 4770 392 4851 nonaginta
417 4787 533 4830 novem
559 4767 755 4848 smaragdos.
789 4766 870 4829 Sunt
895 4766 997 4828 eciam
1021 4766 1054 4826 in
1088 4765 1154 4846 ipsa
1179 4761 1280 4826 infula
1305 4761 1479 4823 duodecim

216 4873 287 4938 locs
311 4873 469 4958 lapidum,
494 4874 550 4938 ubi
574 4892 660 4937 nunc
684 4871 800 4935 desunt
823 4869 960 4954 lapides.
989 4873 1187 4948 (Ascrrptumr
1217 4886 1300 4952 quos
1323 4866 1404 4930 dixit
1426 4882 1480 4928 cu·

1372 4982 1394 5027 s
