3420 5250
477 1341 604 1436 (Anno
633 1340 788 1427 Domini
815 1338 1156 1441 nccccnxxm.)

189 1696 276 1772 ltem
314 1699 347 1772 in
384 1721 476 1772 anno
508 1696 649 1772 Domini
689 1699 876 1772 millesimo
913 1699 1267 1796 quadringentesimo
1306 1707 1452 1797 septua-

187 1821 330 1920 gesimo
360 1823 485 1910 tercio,
506 1830 670 1920 tempore
691 1822 859 1897 videlicet
882 1817 1059 1908 iudicatus
1090 1819 1270 1896 Valentini
1300 1820 1358 1896 filii
1388 1820 1450 1896 bli-

189 1944 321 2019 cbaelis
350 1944 510 2042 (judicis)
553 1945 709 2020 civitatis
748 1953 950 2044 prenotate,
989 1968 1139 2044 presens
1169 1954 1352 2020 caternum
1392 1954 1452 2020 est

187 2067 319 2142 factum
340 2067 397 2142 die
418 2068 595 2142 dominico
616 2068 778 2166 proximo
798 2077 883 2143 ante
901 2068 1033 2143 festum
1054 2067 1320 2143 Purificacionis
1341 2069 1450 2144 beate

190 2190 302 2267 Marie
322 2214 467 2290 semper
486 2192 633 2290 virginis
653 2191 826 2290 gloriose,
847 2193 1007 2291 proxime
1032 2201 1228 2284 venturum,
1258 2216 1367 2291 super
1395 2217 1449 2268 re·

193 2315 416 2414 gistracione
445 2316 627 2390 literarum
655 2315 928 2414 privilegialium
958 2317 1084 2390 civium
1104 2325 1142 2391 et
1170 2316 1447 2391 inhabitatorum

313 2438 468 2512 civitatis
498 2447 701 2537 prenotate,
732 2440 839 2513 modo
869 2448 907 2514 et
936 2440 1059 2514 ordine
1089 2440 1340 2538 intrascriptis.

693 2707 756 2779 (31.
773 2707 937 2780 januarii).

293 2843 371 2905 Item
396 2844 472 2924 quia
507 2845 641 2925 provida
672 2845 788 2905 mulier
822 2845 918 2907 Stana
950 2860 1061 2907 vocata
1094 2845 1203 2907 relicta
1235 2845 1372 2907 condam
1399 2847 1450 2907 Jo-

185 2951 299 3014 hannis
323 2949 490 3028 carnificis,
515 2952 594 3011 olim
619 2952 696 3012 civis
728 2952 811 3013 dicte
845 2953 993 3030 civitatis,
1025 2951 1082 3013 filii
1115 2953 1253 3013 condam
1279 2953 1445 3014 Benedicti

186 3058 323 3120 cursoris
348 3057 463 3118 Hwala
489 3057 577 3134 dieti,
602 3055 659 3118 filii
685 3057 852 3135 Anthonii,
881 3059 959 3120 olim
995 3058 1142 3119 similiter
1175 3060 1316 3121 concivis
1340 3061 1452 3138 nostri,

187 3164 332 3226 vendidit
365 3164 527 3244 quandam
560 3165 687 3225 vineam
721 3163 833 3246 prelati
876 3165 1013 3226 condam
1047 3165 1212 3226 Benedicti
1249 3167 1386 3227 cursoris
1418 3168 1450 3228 in

184 3271 347 3334 territorio
371 3271 506 3332 civitatis
531 3271 684 3351 predicte,
709 3271 791 3331 inter
825 3271 935 3332 vineas
959 3274 999 3333 ab
1032 3291 1107 3350 una,
1137 3271 1289 3333 videlicet
1312 3286 1449 3354 septem-

186 3378 314 3440 trionali
339 3391 427 3459 parte
452 3377 586 3459 provide
620 3377 763 3438 mulieris
796 3377 921 3457 Agatha
957 3392 1068 3439 vocate
1101 3379 1210 3440 relicte
1235 3379 1372 3439 condam
1398 3379 1450 3439 Jo-

187 3484 301 3545 bannis
325 3482 481 3545 carnificis
507 3482 682 3565 Banychyn
709 3483 784 3544 dicti
817 3485 974 3545 consortis
998 3484 1177 3547 Clementis
1202 3484 1331 3546 Kechlra
1364 3485 1450 3563 dicti,

187 3611 223 3653 ac
248 3590 416 3652 Laureucii
442 3609 553 3671 sporar
576 3590 712 3651 senioris
736 3589 829 3667 jurati
855 3605 886 3651 et
910 3591 1091 3652 concivium
1126 3605 1318 3669 nostrorum,
1343 3610 1359 3651 a
1386 3610 1450 3653 me-

188 3696 313 3758 ridioue
337 3695 479 3757 habitam
513 3710 544 3757 et
575 3696 775 3773 existentem,
811 3696 948 3778 desuper
984 3718 1001 3758 a
1033 3698 1083 3758 via
1117 3698 1282 3759 communi
1314 3711 1345 3758 et
1369 3695 1450 3758 infra

186 3821 287 3884 usque
312 3802 464 3879 rivulum,
489 3803 585 3863 simul
604 3821 675 3863 cum
703 3802 843 3882 virgulto
868 3803 928 3863 sibi
946 3803 1136 3882 subjacenti,
1161 3804 1265 3885 ipsam
1290 3804 1330 3864 ab
1355 3803 1449 3863 Eme·

185 3908 252 3969 rico
277 3908 359 3989 Sega
384 3908 470 3969 dicto
495 3908 674 3990 empcionis
698 3909 794 3970 titulo
828 3923 1012 3989 tangentem
1037 3925 1068 3971 et
1092 3923 1351 3987 concernentem,
1376 3929 1448 3990 pro-

184 4014 261 4076 vido
285 4015 355 4076 viro
378 4015 554 4076 Benedicto
571 4016 671 4076 sutori
691 4014 819 4076 Gerdak
838 4016 937 4094 dicto,
955 4017 1077 4077 concivi
1097 4031 1216 4095 nostro,
1234 4015 1452 4096 vendidisset3

186 4122 237 4183 cui
262 4123 334 4184 data
359 4138 404 4183 est
430 4123 521 4183 litera
548 4135 653 4182 nostra
679 4123 890 4203 privilegialis
917 4142 973 4183 seu
999 4124 1081 4184 dicte
1107 4124 1253 4184 civitatis.

292 4228 368 4288 ltem
396 4229 470 4309 quia
497 4228 655 4289 Martinus
679 4229 824 4290 literatus
856 4229 941 4291 filius
973 4229 1121 4310 Gregorii
1147 4230 1186 4290 de
1212 4229 1388 4291 Beththecz
1421 4243 1452 4292 et

186 4334 225 4395 de
251 4333 414 4418 Dobryna,
440 4334 581 4396 concivis
606 4349 724 4413 noster,
749 4335 894 4397 vendidit
922 4351 1042 4397 turrem
1075 4355 1164 4395 suam
1191 4354 1263 4396 cum
1289 4334 1397 4396 lundis
1420 4350 1450 4397 et

185 4438 343 4501 hedificiis
366 4441 399 4501 in
424 4440 507 4502 dicta
532 4441 672 4518 civitate,
696 4441 837 4503 mediam
870 4443 990 4504 curiam
1015 4443 1055 4504 ad
1089 4462 1182 4504 usum
1207 4442 1290 4503 dicte
1315 4442 1451 4503 civitatis

186 4545 218 4607 in
243 4566 277 4608 se
301 4547 533 4624 continentem,
559 4567 685 4608 necnon
715 4549 889 4628 quemdam
915 4549 1013 4609 alium
1040 4549 1175 4610 fundum
1200 4568 1294 4609 suum
1320 4569 1335 4608 a
1362 4561 1450 4630 parte

185 4651 403 4733 meridionali,
427 4653 636 4735 providarum
654 4653 825 4715 mulierem
851 4654 1019 4716 Elizabeth
1037 4656 1146 4716 relicte
1171 4670 1201 4716 et
1226 4655 1361 4736 Agnetis
1386 4653 1449 4715 filie

184 4758 322 4824 condam
348 4759 467 4825 Mathie
492 4761 632 4846 agricole
658 4760 797 4848 Fraylyn
823 4759 911 4840 dicti,
936 4774 966 4824 et
990 4780 1092 4845 usque
1120 4762 1202 4823 viam
1228 4781 1284 4824 seu
1308 4762 1448 4845 plateam
