3428 5256
754 303 938 365 Inventaria.

328 517 476 591 Quatuor
500 530 628 578 cantara
653 516 818 598 plumbea.

328 625 476 698 Quatuor
502 623 658 705 bwkalya.

328 730 405 791 ltem
432 729 576 810 quinque
600 727 688 790 dolia
713 728 794 790 circa
819 729 947 790 vineam
972 728 1073 810 ipsius
1097 728 1251 793 Abbacie.

327 837 406 898 Item
430 855 504 897 vasa
529 854 629 896 vacua
654 848 739 898 octo.
845 862 848 867 ·

329 942 408 1004 Tria
433 941 613 1025 pulvinaria
638 961 697 1025 pro
723 960 781 1003 usu
807 938 941 1005 familie.

328 1051 489 1124 Quattuor
513 1049 630 1111 cussini
655 1048 695 1110 de
719 1049 820 1112 corio.

328 1158 490 1231 Quattuor
515 1155 670 1218 mensalia
695 1155 871 1217 mediocria
903 1175 975 1218 cum
1002 1169 1154 1237 quattuor
1187 1155 1395 1236 manutergiis
1419 1174 1488 1217 me·

221 1263 395 1326 diocribus.

328 1371 499 1452 Scampma
524 1388 580 1430 seu
604 1369 717 1431 sedilia
742 1369 823 1431 circa
850 1388 994 1431 mensam
1019 1383 1103 1434 octo.

242 1510 244 1514 ι
330 1476 525 1550 Quindecim
549 1475 737 1538 therebella.

326 1582 404 1643 Item
429 1581 515 1643 furce
540 1580 641 1643 ferree
670 1581 743 1644 due.

328 1689 444 1750 Ferrea
468 1703 568 1750 rostra
594 1688 669 1750 duo.

328 1795 448 1856 Patelle
472 1792 569 1858 due'

329 1901 469 1964 Scutelle
493 1902 646 1984 plumbee
670 1920 724 1962 sex
748 1901 895 1963 maiores.

329 2008 482 2089 Quinque
507 2007 636 2069 salseria
661 2026 756 2070 nova.

328 2114 443 2197 Cuppe
467 2115 507 2176 de
532 2114 673 2176 cristallo
700 2133 764 2176 sex.

330 2222 407 2282 ltem
432 2221 511 2282 vitra
537 2240 654 2302 magna
678 2221 785 2283 stricta
809 2240 873 2284 sex.

330 2327 439 2389 Unum
463 2327 612 2409 pulvinar
636 2346 788 2408 magnum
815 2327 854 2388 de
879 2327 1000 2388 chorio.

329 2433 438 2495 Unum
463 2434 637 2495 linteamen
661 2449 747 2495 sator
771 2432 882 2514 (sator)
906 2433 1039 2495 dictum.

329 2540 458 2622 Septem
485 2541 568 2603 recia
593 2561 651 2623 pro
676 2541 840 2623 capiendis
870 2539 944 2602 feris
968 2559 1061 2601 nova.

330 2646 399 2708 Due
428 2666 534 2708 naves.

328 2753 398 2814 Due
422 2754 506 2816 scale
531 2773 646 2835 magne
671 2767 701 2815 et
728 2774 821 2819 nove.

328 2859 406 2921 ltem
432 2860 493 2920 due
518 2860 611 2922 flasce
636 2859 737 2922 ferree
763 2880 889 2941 magne,
913 2880 996 2921 nove
1021 2873 1052 2922 et
1076 2861 1171 2922 bone.

225 3126 303 3186 Res
328 3125 513 3187 ecclesie
539 3125 682 3205 legate
716 3144 786 3206 per
818 3123 1030 3206 prefatum
1062 3125 1237 3187 condam
1271 3125 1484 3186 dominum

225 3230 1484 3314 StephanumepiscopumRosoniensemeidemreverendo

225 3339 402 3400 domino
438 3339 603 3400 Andree
636 3339 839 3420 episcopo
871 3358 942 3420 per
983 3353 1232 3399 executores
1263 3336 1486 3420 predictos

733 3459 989 3527 presentate.

330 3606 406 3667 Item
433 3626 495 3667 una
521 3605 650 3667 culcitra
675 3605 714 3666 ad
740 3624 827 3665 aram
852 3617 957 3665 sancte
983 3603 1096 3665 Crucis
1125 3623 1182 3686 pro
1208 3623 1334 3687 mappa.

330 3714 438 3775 Unum
465 3712 630 3795 thapetum
656 3732 808 3793 magnum
834 3726 864 3774 et
888 3730 1020 3774 novum.

331 3820 401 3882 Una
427 3821 521 3882 vestis
546 3820 717 3881 chemelith
743 3839 801 3900 pro
826 3831 939 3879 ornatu
968 3818 1167 3881 sacerdotali.

330 3928 421 3989 Unus
445 3928 589 3988 cussinos
614 3927 651 3987 de
677 3925 808 4008 kyttelet
834 3924 872 3985 ad
899 3944 996 3985 aram.

331 4034 403 4095 Duo
428 4035 543 4095 cussini
570 4035 609 4094 ad
635 4028 780 4114 aquas(?)
806 4032 885 4092 rosis
910 4030 1032 4113 repleti.

331 4140 407 4200 ltem
433 4140 498 4201 duo
523 4141 640 4201 cussini
667 4139 704 4199 de
730 4135 921 4199 chemelleth
956 4136 1073 4198 coloris
1097 4138 1191 4198 viridi
1217 4139 1256 4198 ad
1281 4158 1378 4202 aram.

332 4247 403 4307 Duo
428 4248 521 4328 pepla

331 4353 402 4415 Una
428 4352 572 4414 custodia
598 4352 707 4433 pulcre
733 4350 857 4431 depicta
883 4349 922 4409 ad
947 4350 1124 4430 corporale.

334 4461 441 4520 Unum
468 4460 600 4541 peplum
624 4472 745 4518 textum
771 4457 853 4517 circa
878 4454 973 4517 finem
1000 4475 1072 4516 cum
1097 4477 1186 4520 auro.

332 4566 436 4628 Unam
462 4566 571 4626 cistam
599 4563 746 4625 ferratam
771 4577 802 4624 et
826 4564 944 4624 bonam
970 4562 1010 4622 ad
1034 4563 1220 4626 sacristiam.

330 4672 436 4733 Aliam
462 4672 572 4732 cistam
597 4670 744 4732 similiter
772 4667 920 4732 ferratam
945 4669 984 4729 ad
1009 4667 1185 4735 ecclesiam.

331 4779 486 4844 Corthine
518 4779 592 4843 due.
