3428 5256
226 577 299 643 tate,
325 563 465 625 Martino
489 576 520 624 et
544 562 645 625 Paulo
670 560 744 624 liliis
763 563 924 624 Ambrosii
950 562 988 622 de
1019 562 1185 637 Grachan3
1210 563 1327 644 quibus
1353 564 1490 624 Martioo

226 685 257 732 et
281 670 381 732 Paulo
418 666 492 729 filiis
527 668 690 729 Ambrosii
724 669 763 729 de
801 667 948 730 Grachan
983 667 1056 729 data
1086 684 1132 729 est
1165 667 1253 730 litera
1279 669 1488 751 privilegialis

225 797 320 860 super
345 775 538 858 premissis*

332 881 430 956 Quod
455 880 531 961 quia
555 880 615 941 viri
640 880 767 962 providi
784 894 816 943 et
838 880 1059 962 circumspecti
1078 879 1200 942 Milrula
1224 892 1325 941 sartor
1342 893 1373 941 et
1390 879 1490 942 Geor-

225 988 298 1070 gius
322 986 510 1071 Vythltoycz
527 986 642 1047 sororii
669 986 823 1069 Stephani
840 984 898 1048 lilii
924 986 1060 1047 condam
1079 986 1207 1047 Thome
1224 985 1300 1047 dicti
1326 984 1490 1065 Thoman,

229 1094 260 1156 in
276 1112 412 1175 persona
425 1106 456 1153 et
470 1093 502 1152 in
516 1092 647 1153 nomine
661 1112 720 1154 suo
738 1092 952 1154 vendiderunt
969 1091 1131 1173 quandam
1157 1090 1361 1153 medietatem
1386 1092 1490 1152 cuius-

226 1200 299 1261 dam
324 1199 418 1259 vinee
442 1198 542 1280 ipsius
567 1197 720 1280 Stephani
739 1197 964 1259 hereditariam
990 1217 1048 1279 pro
1065 1197 1266 1279 platibilibus
1284 1195 1374 1259 lactis
1390 1197 1491 1278 ipsius

229 1304 381 1386 Stephani
407 1302 463 1364 filii
488 1303 626 1365 condam
653 1304 793 1382 Thome‚
811 1303 893 1365 inter
918 1303 1045 1364 vineam
1063 1316 1095 1364 et
1112 1302 1286 1383 virgultum
1312 1302 1491 1364 Clementis

227 1409 366 1492 agricole
391 1429 408 1470 a
433 1410 701 1491 septemtrionali,
719 1409 880 1471 mediante
898 1408 1038 1490 quadam
1063 1409 1112 1469 via
1137 1422 1202 1470 tam
1227 1408 1365 1469 curruali
1390 1428 1487 1489 quam

225 1517 364 1599 pedestri
390 1516 518 1596 utrique
543 1515 642 1596 ipsius
665 1515 759 1577 vinee
782 1535 837 1577 seu
863 1517 1019 1576 ambabus
1048 1515 1124 1597 ipsis
1148 1514 1250 1575 vineis
1273 1530 1304 1575 et
1328 1533 1489 1596 possesso·

227 1623 314 1684 ribus
338 1622 482 1703 ipsarum
508 1640 566 1703 pro
591 1618 745 1705 {tempore
777 1621 957 1682 constitutis
989 1620 1200 1697 deserviente,
1232 1640 1267 1681 ac
1292 1621 1373 1683 inter
1404 1620 1489 1683 viam

226 1747 431 1790 communem
456 1728 496 1788 ab
522 1727 645 1789 oriente
670 1741 701 1788 et
723 1728 804 1788 inter
837 1726 1002 1808 quoddam
1036 1725 1189 1788 fossatum
1214 1747 1269 1788 seu
1295 1726 1410 1787 vallem
1436 1741 1489 1788 aut

227 1834 396 1896 decursum
422 1853 505 1914 aque
523 1833 685 1915 pluvialis,
703 1832 864 1914 quandam
881 1833 1007 1893 vineam
1027 1832 1241 1894 vendiderunt
1260 1833 1345 1893 Luce
1370 1832 1489 1894 Cueth·

226 1942 327 2022 hoycz
352 1939 391 2000 de
417 1939 584 2001 Cralowcz
610 1958 667 2020 pro
685 1953 808 2021 septem
834 1938 902 2000 llor.
929 1939 1016 2015 auri;
1041 1939 1091 2000 cui
1110 1939 1181 2000 data
1208 1954 1253 2001 est
1277 1939 1368 2000 litera
1393 1940 1489 2022 privi-

226 2045 351 2128 legialis
374 2065 470 2128 super
495 2045 666 2127 premissis.

314 2152 392 2214 ltem
406 2152 482 2234 quia
496 2151 629 2233 provida
645 2152 759 2212 mulier
774 2151 948 2214 Katherina
958 2166 1069 2212 vocata
1088 2152 1195 2212 relicta
1208 2151 1347 2214 condam
1359 2152 1486 2213 Andree

225 2258 343 2321 sutoria
359 2257 448 2320 dedit
465 2273 495 2318 et
519 2258 702 2339 propinavit
719 2256 861 2339 Georgio
879 2256 946 2318 filio
964 2258 1119 2318 lobannis
1144 2256 1327 2340 Glyuarycz
1352 2257 1392 2319 de
1411 2258 1487 2319 lwa·

226 2384 306 2450 nycz
330 2364 465 2426 domino
490 2378 520 2424 et
545 2364 659 2424 marito
684 2383 742 2424 suo
775 2364 938 2444 quandam
964 2363 1097 2424 domum
1130 2382 1219 2424 suam
1246 2371 1328 2426 inter
1353 2364 1486 2426 domurn

227 2485 258 2532 et
282 2469 419 2532 luodum
445 2469 593 2549 Gregorii
620 2469 773 2530 institoris
805 2484 835 2529 et
867 2469 950 2530 inter
982 2470 1115 2530 domum
1153 2470 1309 2530 Lodouici
1336 2471 1489 2532 institoris

224 2598 243 2641 a
267 2593 355 2661 parte
381 2578 605 2654 meridionali;
624 2579 699 2639 item
718 2577 817 2639 eciam
837 2577 999 2659 quandam
1019 2576 1144 2639 vineam
1163 2578 1258 2639 simul
1277 2597 1348 2638 cum
1366 2577 1488 2660 (h)orto

225 2698 255 2748 et
280 2685 421 2767 virgulto
446 2685 506 2745 sibi
532 2683 708 2765 subjacenti
736 2685 817 2746 inter
837 2685 962 2744 vineam
988 2683 1164 2744 liberorum
1190 2703 1245 2744 seu
1269 2703 1488 2746 successorum

225 2791 361 2853 condam
389 2792 475 2852 Luce
499 2790 615 2851 sutoris
639 2812 655 2850 a
681 2790 934 2871 septemtrionali
960 2805 1048 2872 parte
1074 2789 1284 2867 adiacentem,
1310 2790 1446 2872 desuper
1470 2811 1487 2853 a

224 2898 276 2960 via
300 2898 465 2959 communi
492 2917 607 2978 magna
632 2899 671 2958 ab
697 2897 821 2959 oriente
846 2897 964 2975 habita,
988 2896 1084 2957 simul
1109 2917 1181 2958 cum
1200 2897 1324 2958 koucha
1348 2917 1384 2959 ac
1408 2917 1488 2979 quo·

224 3002 297 3066 dam
323 3005 431 3086 spacio
455 3016 556 3079 terre3
581 3004 631 3064 cui
657 3003 728 3065 data
753 3017 799 3065 est
830 3004 922 3065 litera
955 3003 1164 3084 privilegialis
1196 3023 1291 3085 super
1315 3005 1488 3085 premissis.

331 3108 408 3170 ltem
433 3109 521 3190 quod
547 3109 623 3189 quia
648 3109 780 3170 domina
807 3109 906 3170 Elena
932 3109 1041 3171 relicta
1059 3110 1195 3172 condam
1222 3109 1371 3190 Gregorii
1396 3111 1487 3192 pelli·

225 3213 302 3293 ficia,
326 3233 411 3275 nunc
436 3233 512 3275 vero
536 3233 668 3276 consors
702 3214 858 3295 legittima
892 3215 1062 3296 Symonis‚
1095 3216 1279 3297 propinavit
1302 3230 1332 3277 et
1356 3217 1489 3278 donavit

224 3319 430 3382 medietatem
449 3319 615 3381 cuiusdam
638 3321 754 3381 domus
770 3335 893 3381 murare
910 3341 946 3382 ac
964 3319 1055 3382 lundi
1074 3321 1154 3382 inter
1172 3321 1254 3381 viam
1281 3341 1487 3383 communem

223 3425 519 3508 aaeptemtrionali
545 3439 576 3486 et
599 3426 792 3487 occidentali
821 3427 964 3508 partibus
998 3447 1033 3488 ac
1066 3427 1270 3488 medietatem
1295 3428 1487 3509 cuius(dam)

224 3531 333 3614 (b)orti
357 3546 444 3594 extra
475 3547 600 3614 portam
634 3533 793 3615 lapideam
827 3534 907 3594 inter
938 3533 1091 3615 (hlortum
1116 3533 1271 3595 lohannis
1304 3533 1485 3617 Peroycza

224 3638 427 3699 meridionali
453 3650 484 3700 et
516 3658 532 3698 a
566 3638 820 3720 septemtrionali
857 3640 938 3701 inter
973 3639 1125 3719 (h)ortum
1159 3639 1313 3700 Demetrii
1350 3639 1487 3719 Sicchlri,

223 3744 324 3806 immo
349 3744 439 3805 dedit
462 3760 493 3804 et
517 3746 701 3826 propinavit
717 3746 777 3805 sibi
798 3745 864 3825 jure
882 3759 1038 3827 perpetuo
1063 3760 1093 3807 et
1111 3745 1363 3807 irrevocabiliter
1387 3747 1487 3828 possi·

223 3850 362 3914 deudam
387 3865 417 3912 et
442 3850 644 3926 habendam
677 3852 726 3911 cui
762 3850 896 3932 Symoni
931 3851 1041 3912 Raden
1075 3851 1147 3912 data
1177 3864 1222 3913 est
1246 3851 1336 3912 litera
1361 3853 1488 3934 privile·

222 3957 316 4039 gialia
339 3977 436 4039 super
460 3958 631 4039 premissis.

329 4064 406 4126 ltem
431 4064 507 4146 quia
532 4064 678 4126 vendidit
696 4063 856 4145 Georgius
872 4078 961 4127 sutor
978 4065 1082 4127 dictus
1100 4066 1208 4149 llosyn
1227 4078 1378 4126 executor
1394 4079 1487 4127 testa-

223 4171 320 4233 menti
347 4171 484 4231 verbalis
508 4172 670 4251 quandam
697 4170 902 4232 medietatem
929 4171 1055 4248 domus,
1081 4173 1238 4252 reliquam
1263 4190 1339 4231 vero
1365 4173 1486 4233 medie·

222 4290 318 4338 tatem
344 4291 375 4338 et
400 4277 554 4337 maiorem
578 4292 699 4358 partem
719 4278 818 4358 ipsius
842 4277 959 4337 domus
977 4278 1123 4339 vendidit
1151 4277 1334 4338 Lodouicus
1359 4279 1487 4338 Andrca

223 4381 290 4444 filio
314 4380 448 4464 Georgii
482 4398 591 4444 nostro
625 4384 762 4461 concivi,
793 4385 889 4444 ambo
923 4384 952 4443 in
986 4384 1082 4444 simul
1115 4404 1173 4465 pro
1208 4384 1318 4463 viginti
1343 4385 1488 4465 quinque

222 4488 330 4570 pensis
354 4489 573 4568 denariorum,
599 4504 631 4550 ut
663 4489 725 4569 jam
760 4510 845 4551 novo
879 4491 1003 4551 concivi
1036 4505 1158 4569 nostro,
1192 4492 1273 4552 inter
1299 4491 1431 4552 domum
1458 4505 1488 4552 et

223 4591 358 4656 fundum
385 4595 492 4658 relicte
518 4596 606 4656 lellra
633 4596 817 4658 mlinaricza
842 4597 924 4657 dicta
955 4617 992 4657 ac
1026 4597 1107 4659 inter
1132 4617 1258 4658 murum
1284 4597 1422 4660 civitatis
1446 4600 1486 4659 ab

220 4700 399 4780 occidente,
423 4717 453 4764 ct
477 4704 517 4764 ab
541 4703 665 4764 oriente
690 4703 772 4764 inter
797 4704 881 4765 viam
906 4723 962 4765 seu
987 4702 1127 4785 plateam
1155 4705 1413 4781 communitatis;
1431 4704 1483 4765 cui

222 4805 295 4882 dete
320 4822 368 4879 eat
403 4808 494 4875 litera
527 4808 737 4904 privilegialis
768 4828 863 4903 super
894 4808 1056 4899 premissis
1079 4824 1235 4902 perpetuo
1271 4810 1483 4903 possidendis.
