3428 5256
225 334 286 394 206
764 335 947 396 Inventam.

328 546 450 620 Quinte
475 546 565 608 litere
598 546 815 628 privilegiales
848 547 924 608 Dele
953 548 1036 628 regis
1066 566 1162 630 super
1195 545 1361 608 ecclesiam
1386 547 1502 608 sancti

222 653 333 714 Jacobi
359 667 390 714 et
413 673 509 735 super
535 652 724 714 molendino
750 667 808 715 etc.

329 761 421 822 Sexte
446 760 536 822 litere
559 760 777 842 privilegiales
801 781 857 842 per
882 761 1015 821 modum
1040 761 1248 842 transsumpti
1275 758 1412 821 ecclesie
1440 779 1500 820 za·
1525 815 1534 829 ,

221 867 399 947 grabiensis
422 867 462 929 de
488 867 629 928 Zomzed
655 881 686 928 et
710 866 833 948 capella
857 881 964 928 sancte
990 867 1103 929 Elene.

330 991 472 1073 Septime
507 990 598 1053 litere
631 991 810 1054 Clementis
842 991 970 1053 lectoris
1006 1005 1036 1052 et
1068 991 1214 1053 canonici
1240 987 1374 1051 ecclesie
1399 987 1497 1050 cbas-

224 1099 342 1159 mensis
366 1112 397 1159 et
418 1097 533 1179 judicis
557 1098 663 1160 asede
681 1099 856 1180 apostolica
882 1099 1035 1180 deputati,
1058 1099 1088 1159 in
1113 1098 1226 1179 papiro
1243 1109 1389 1179 patenter
1414 1115 1495 1157 cum

222 1205 460 1286 subscripcione
486 1205 613 1282 notarii,
637 1206 759 1285 absque
783 1204 891 1284 sigillo
916 1203 1034 1266 habite.

331 1310 452 1373 Octave
477 1310 568 1372 litere
593 1309 698 1372 fratris
715 1311 867 1371 Vimandi
886 1311 1009 1372 abbatis
1027 1310 1213 1372 monasterii
1239 1311 1331 1371 beate
1355 1307 1497 1389 virginis

225 1416 442 1498 privilegiales
459 1417 498 1478 de
523 1417 615 1478 vinea
640 1431 747 1478 sancte
777 1417 888 1478 Elene.

330 1523 423 1584 None
448 1522 540 1584 litere
564 1522 781 1604 privilegiales
813 1522 945 1603 capituli
978 1523 1109 1584 ecclesie
1146 1520 1362 1601 zagrabiensis
1393 1537 1494 1600 super

225 1630 364 1711 quadam
390 1630 483 1690 vinea
509 1629 539 1690 in
565 1629 727 1691 territorio
753 1630 955 1690 Bwkowcza.

333 1753 463 1815 Decime
488 1753 579 1814 litere
605 1753 690 1814 lwan
708 1753 834 1815 comitis
852 1751 907 1814 filii
934 1751 1059 1813 lrozlaii
1077 1752 1117 1812 de
1136 1750 1265 1828 Ollich,
1290 1747 1433 1826 metales‚
1460 1748 1492 1809 in

225 1879 422 1942 pargameno
447 1859 588 1941 oblonge
613 1857 768 1922 conlecte.

333 1966 514 2029 Undecime
539 1967 630 2027 litere
654 1979 717 2027 tres
741 1968 800 2027 sub
826 1985 890 2027 uno
916 1979 1084 2026 contextu:
1116 1963 1226 2024 Karoli
1255 1963 1338 2042 regis
1361 1959 1416 2022 ubi
1441 1980 1494 2022 ca·

225 2087 326 2134 strum
351 2073 580 2135 Zomzedwara
604 2087 650 2134 est
668 2073 698 2133 in
723 2085 806 2133 terra
831 2073 975 2149 abbacie,
1000 2086 1029 2132 et
1048 2070 1210 2151 obligatur
1235 2067 1381 2149 quolibet
1405 2086 1494 2128 anno

227 2193 347 2240 certum
373 2198 504 2240 censum
529 2178 713 2240 annualem.

334 2285 533 2346 Duodecime
551 2285 641 2345 litere
659 2284 913 2366 indulgenciales
930 2298 1089 2344 certorum
1109 2280 1319 2343 cardinalium
1337 2278 1493 2340 tredecim

226 2390 341 2471 sigillis
366 2391 593 2472 impendendis
617 2391 814 2472 consignate.

334 2497 524 2558 Tredecime
550 2497 641 2559 litere
665 2496 882 2579 privilegiales
918 2496 1116 2577 sigismundi
1142 2495 1181 2556 de
1207 2495 1409 2578 Veyspryacz
1434 2491 1494 2553 do·

229 2605 306 2665 mini
332 2604 371 2664 de
397 2605 522 2666 Medwe
548 2605 586 2665 de
612 2605 737 2667 duabus
761 2604 1017 2685 possessionibus
1042 2603 1080 2663 de
1106 2603 1241 2664 Nowak.

336 2728 586 2802 Quartedecime
611 2728 701 2789 litere
726 2728 945 2809 privilegiales
962 2726 1092 2809 capituli
1120 2726 1252 2787 ecclesie
1277 2723 1496 2807 zagrabiensis

228 2855 323 2917 super
348 2835 604 2896 commutacione
629 2847 711 2896 terre
736 2854 798 2915 que
825 2835 995 2915 Podgorye
1021 2834 1149 2894 dicitur.

336 2941 583 3015 Quintedecime
602 2940 691 3002 litere
709 2940 925 3022 privilegiales
950 2939 1062 3001 Karoli
1082 2941 1164 3020 regis
1181 2959 1276 3020 super
1299 2935 1495 3000 fundacione

231 3049 353 3130 capelle
377 3061 484 3109 sancte
511 3048 610 3108 Marie
637 3048 675 3108 de
702 3047 867 3128 Zagrabia.

339 3153 507 3215 Sedecime
539 3154 630 3215 litere
664 3153 795 3234 capituli
832 3153 1047 3235 zagrabiensis
1080 3154 1110 3213 in
1144 3170 1341 3233 pergameno
1373 3151 1495 3231 absque

233 3260 352 3341 sigillo,
376 3280 431 3341 per
456 3260 589 3321 modum
614 3261 821 3341 transsumpsi
850 3259 1004 3321 confecte.

339 3385 470 3445 Decime
495 3385 630 3466 septime
655 3384 745 3445 litere
771 3384 987 3465 privilegiales
1012 3384 1109 3445 lwani
1135 3384 1261 3445 comitis
1285 3381 1342 3443 filii
1367 3379 1494 3442 lrozlaii

231 3493 270 3553 de
297 3491 450 3553 Ochlwcz
475 3511 569 3572 super
593 3505 708 3552 terram
734 3505 841 3552 sancte
859 3491 959 3552 Elene
983 3491 1149 3552 ecclesiam
1175 3489 1418 3551 circumdantes.

338 3599 470 3659 Decime
504 3611 613 3658 octave
650 3597 740 3658 litere
776 3597 994 3678 privilegiales
1026 3598 1158 3678 capituli
1192 3595 1407 3677 zagrabiensis
1439 3612 1497 3676 per

232 3703 366 3763 modum
391 3704 596 3784 transsumpti
621 3723 715 3784 super
741 3704 842 3763 insula
868 3705 967 3764 sancti
994 3704 1104 3765 Jacobi
1131 3718 1161 3764 et
1186 3704 1224 3763 de
1250 3703 1406 3764 Zanabor.

339 3828 471 3889 Decime
497 3847 580 3888 none
599 3827 688 3888 litere
714 3828 845 3910 capituli
864 3829 1079 3909 zagrabiensis
1098 3830 1128 3890 in
1154 3846 1349 3910 pargameno
1374 3827 1497 3906 absque

231 3933 339 4015 sigillo
364 3954 419 4016 per
445 3935 577 3995 modum
603 3935 806 4015 transsumpti
839 3955 934 4017 super
959 3936 1059 3996 literis
1093 3936 1203 3996 Karoli
1236 3933 1319 4014 regis
1352 3930 1497 3994 conlecte

233 4040 435 4101 continentes
460 4041 614 4121 quasdam
641 4060 762 4102 marcas
787 4043 818 4101 in
845 4062 886 4105 se.

339 4147 497 4208 Vicesime
534 4147 623 4207 litere
658 4146 827 4208 Thiburcii
868 4148 995 4208 comitis
1035 4146 1249 4227 zagrabiensis
1281 4141 1498 4226 privilegiales

234 4274 328 4335 super
353 4254 455 4315 insula
481 4254 579 4315 sancti
606 4253 716 4315 Jacobi
743 4273 839 4334 quam
866 4254 959 4313 Zawa
985 4253 1107 4313 circuit.

339 4361 502 4441 Vigesime
538 4363 640 4443 prime
673 4361 762 4422 litere
795 4359 900 4421 fratris
933 4356 1110 4440 Wymandi
1152 4357 1276 4419 abbatis
1312 4357 1497 4420 monasterii

234 4486 329 4549 super
355 4466 580 4528 molendinum
607 4467 821 4529 Chwkowecz
847 4466 878 4527 in
903 4465 1016 4546 papiro
1041 4464 1161 4543 absque
1186 4462 1294 4543 sigillo
1320 4464 1438 4531 habite.

340 4591 501 4671 Vigesime
524 4590 663 4653 secunde
681 4592 771 4653 litere
789 4589 932 4651 eiusdem
951 4586 1129 4670 Wymandi
1146 4587 1271 4648 abbatis
1288 4609 1383 4671 super
1402 4589 1500 4654 Chw-

235 4697 365 4757 kowecz
397 4697 622 4760 molendinum
655 4717 712 4781 per
744 4696 877 4759 modum
910 4693 1093 4774 trassumpti
1118 4691 1227 4754 habite
1259 4708 1291 4757 et
1322 4716 1420 4760 mauu
1444 4697 1499 4760 Jo-

234 4799 350 4864 hannis
373 4801 412 4863 de
438 4803 539 4866 Pades
563 4805 732 4885 assignate.
