3428 5256
226 346 283 408 ¹5²
780 326 963 387 inventaria.

326 540 416 620 ltem,
440 560 503 602 una
527 540 612 622 palla
637 539 781 621 antiqua,
808 538 925 620 figuras
942 540 1033 600 beate
1057 538 1194 619 virginis
1217 552 1248 600 et
1271 536 1328 600 filii
1353 538 1424 602 eius
1449 558 1491 603 ac

221 647 339 731 loseph
363 661 393 709 et
417 661 581 730 pastorum
605 659 702 727 atque
727 645 900 707 bestiarum
918 662 992 705 cum
1016 642 1260 724 joculatoribus,
1283 644 1366 706 sicut
1391 643 1489 708 Chri·

221 769 288 817 stus
312 753 371 816 fuit
395 767 498 815 natus.

326 860 416 938 ltem,
440 879 502 920 una
527 858 613 941 palla
637 858 676 920 de
700 877 779 919 auro
804 858 836 918 in
862 877 976 939 campo
1002 859 1077 920 albo
1102 858 1170 919 siue
1195 856 1339 919 fontaliis
1363 872 1393 920 et
1416 858 1490 921 sine

220 965 357 1047 angulis,
381 984 453 1027 cum
479 979 552 1026 octo
577 965 679 1046 plicis.

326 1072 415 1151 ltem,
440 1072 589 1133 inventus
613 1086 659 1132 est
678 1091 761 1133 unus
784 1091 910 1154 pannus
927 1071 1048 1133 habens
1066 1090 1216 1153 campum
1242 1071 1338 1132 blavii
1356 1070 1490 1150 coloris,

222 1195 252 1241 et
276 1199 349 1242 cum
374 1179 468 1241 certis
492 1178 626 1240 floribus
650 1193 681 1240 et
697 1179 794 1240 ramis
818 1179 858 1240 de
876 1192 1020 1260 argento,
1044 1179 1100 1260 qui
1125 1179 1191 1240 sedi
1217 1178 1393 1261 episcopali
1411 1197 1490 1260 sup·

223 1285 302 1369 poni
326 1286 418 1348 solet.

290 1513 580 1576 inventarium
613 1514 855 1576 casularum
889 1534 1088 1576 novarum
1121 1529 1158 1576 et
1182 1534 1420 1597 capparum.

331 1657 421 1735 ltem,
445 1676 509 1718 una
533 1657 640 1718 casula
665 1657 704 1718 de
728 1658 837 1718 veluto
866 1659 966 1718 rubeo
990 1657 1146 1718 carmesin
1171 1671 1201 1719 et
1225 1656 1401 1735 aurifrisiis,
1427 1657 1483 1720 ha·

224 1764 303 1825 bens
325 1783 343 1824 a
367 1777 451 1825 retro
476 1764 659 1844 ymaginem
686 1762 837 1825 Crucifixi
862 1778 892 1824 et
920 1765 960 1824 ab
992 1778 1064 1824 ante
1097 1764 1281 1845 ymaginem
1307 1766 1398 1825 beate
1423 1765 1490 1825 vir·

221 1870 306 1950 ginis
329 1889 402 1931 cum
427 1869 520 1931 certis
543 1868 614 1930 aliis
637 1870 843 1951 ymaginibus
873 1869 913 1932 de
931 1869 1149 1951 pulcherrimo
1181 1889 1289 1952 opere,
1313 1883 1425 1932 ornata
1450 1871 1486 1932 in

224 1990 312 2059 parte
334 1994 407 2037 cum
431 1975 539 2057 perlis,
573 1975 645 2036 data
670 1994 726 2057 per
761 1976 930 2036 dominum
968 1976 1160 2053 iohannem,
1192 1976 1380 2059 episcopum
1418 1995 1488 2038 mo·

224 2083 373 2159 dernum,
396 2081 626 2163 supradictum.

331 2188 420 2266 ltem,
444 2207 508 2248 una
531 2188 594 2249 alia
618 2188 725 2249 casula
750 2189 898 2250 similiter
921 2188 960 2250 de
979 2190 1087 2251 veluto
1112 2190 1144 2250 in
1169 2209 1235 2271 quo
1260 2190 1381 2252 habens
1403 2190 1489 2251 auri-

225 2294 348 2355 frisium
373 2295 412 2355 ab
437 2307 511 2355 ante
535 2308 566 2354 et
590 2308 686 2370 retro,
710 2313 784 2355 cum
813 2295 1019 2376 ymaginibus
1051 2297 1143 2357 beate
1169 2296 1303 2377 virginis
1326 2310 1357 2356 et
1379 2308 1489 2357 sancte

226 2399 411 2477 Katherine,
435 2399 508 2462 data
532 2419 589 2482 per
612 2399 751 2462 eundem
776 2400 947 2462 dominum
972 2401 1171 2483 episcopum.

331 2525 420 2601 ltem,
444 2544 506 2586 una
531 2545 630 2607 cappa
656 2525 695 2586 de
721 2527 828 2587 veluto
853 2528 953 2587 rubeo
974 2545 1048 2587 cum
1079 2525 1239 2588 aurifrisio
1264 2525 1429 2608 duplicato
1455 2540 1488 2588 et

226 2632 381 2693 clausuris
404 2650 460 2693 seu
485 2631 612 2693 duobus
636 2633 822 2710 monilibus,
847 2632 886 2693 de
911 2634 1029 2713 quibus
1052 2635 1198 2715 superius
1221 2632 1256 2695 fit
1280 2632 1413 2709 mentio,
1437 2651 1486 2693 re·

225 2739 325 2820 ceptis
348 2738 387 2799 de
405 2737 467 2799 alia
492 2756 603 2820 cappa,
620 2739 768 2800 similiter
785 2738 857 2800 data
871 2758 927 2820 per
942 2739 1083 2802 eundem
1102 2740 1271 2801 dominum
1289 2739 1489 2821 episcopum.

331 2860 421 2940 ltem,
445 2881 508 2923 una
540 2862 657 2940 casula,
690 2881 787 2944 quam
820 2862 908 2924 dedit
932 2863 1070 2924 condam
1103 2864 1256 2925 dominus
1279 2862 1486 2925 Eberhardus

226 2969 407 3050 episcopus,
431 2968 495 3030 albi
520 2968 638 3030 coloris
661 2970 700 3030 de
725 2971 876 3030 damasco
904 2989 976 3030 cum
999 2970 1160 3032 aurifrisio
1184 2970 1262 3048 lato,
1285 2969 1421 3032 habente
1455 2969 1487 3030 iu

225 3076 380 3157 superiori
407 3090 494 3156 parte
525 3076 708 3156 ymaginem
734 3077 922 3153 maiestatis,
953 3091 984 3137 et
1016 3077 1047 3137 in
1074 3077 1182 3139 medio
1207 3077 1309 3138 crucis
1331 3074 1484 3139 aurifrisii

227 3182 411 3263 ymaginem
430 3181 604 3242 Salvatoris
630 3182 750 3242 orantis
768 3183 798 3242 in
816 3183 974 3263 passione,
993 3202 1064 3244 cum
1080 3184 1172 3244 certis
1188 3184 1259 3245 aliis
1282 3183 1490 3265 ymaginibus

227 3288 420 3348 habentibus
450 3288 653 3368 dyademata,
685 3289 781 3370 perlis
811 3304 842 3350 et
872 3290 966 3350 certis
998 3291 1160 3371 lapidibus
1192 3305 1322 3367 ornata3
1356 3310 1394 3351 ex
1425 3290 1489 3352 alia

228 3413 303 3455 vero
329 3409 416 3474 parte
441 3392 611 3454 habentem
637 3395 821 3475 ymaginem
847 3396 938 3457 beate
964 3397 1096 3476 virginis
1120 3412 1151 3458 et
1174 3398 1253 3458 alias
1275 3412 1376 3459 certas
1398 3415 1488 3480 yma·

227 3502 330 3581 gines,
354 3520 426 3561 cum
453 3500 624 3562 dalmatica
649 3516 679 3561 et
703 3502 810 3562 stricta
827 3503 971 3563 eiusdem
1004 3504 1101 3584 panni
1127 3518 1158 3566 et
1182 3505 1310 3581 coloris,
1332 3503 1489 3565 subducte

227 3626 300 3669 cum
325 3611 427 3668 rubeo
450 3606 586 3667 cendato
611 3622 641 3668 et
664 3623 774 3668 ornate
799 3608 945 3670 similiter
969 3608 1146 3672 aurifrisiis.

334 3732 422 3808 lrem,
447 3752 509 3792 una
534 3732 641 3793 casula
658 3733 696 3793 de
715 3733 890 3795 cimbaloto
906 3735 1050 3796 celestini
1069 3735 1197 3812 coloris,
1221 3735 1343 3797 habens
1358 3751 1485 3796 crucem

228 3838 371 3898 eiusdem
397 3838 525 3913 coloris,
549 3839 654 3898 aureis
677 3839 790 3900 avibus
815 3840 967 3901 intextam

335 3945 423 4017 item,
449 3964 511 4005 una
536 3947 641 4007 casula
667 3948 706 4007 de
732 3947 840 4007 veluto
870 3950 969 4008 rubeo
1002 3949 1123 4009 habens
1155 3967 1282 4010 crucem
1307 3967 1380 4009 cum
1403 3947 1489 4010 auri·

229 4050 317 4110 frisio
342 4071 415 4111 cum
434 4099 441 4111 .
461 4105 466 4114 .
486 4101 519 4113 ..
546 4052 688 4112 eiusdem
716 4055 846 4114 materie
872 4070 901 4115 et
919 4056 1046 4129 coloris,
1070 4056 1227 4118 subducta
1244 4074 1316 4116 cum
1341 4054 1488 4118 cendato.

230 4155 309 4217 Data
334 4178 390 4238 per
413 4157 582 4218 dominum
617 4158 827 4240 Stephanum,
860 4161 1122 4222 archidiaconum
1157 4163 1196 4224 de
1226 4163 1374 4242 Kemlek,
1404 4161 1488 4223 vica-

229 4264 311 4323 rium
336 4264 480 4324 eiusdem
506 4265 630 4324 domini
660 4268 812 4347 episcopi.

336 4369 426 4444 ltem,
451 4386 589 4450 quatuor
617 4390 716 4451 cappe
749 4392 807 4454 pro
839 4374 1071 4449 choratorihus,
1103 4377 1165 4435 due
1189 4377 1229 4435 de
1261 4375 1371 4437 veluto
1394 4371 1488 4435 florei

229 4493 285 4533 seu
309 4476 451 4536 celestini
478 4477 596 4536 coloris
620 4494 650 4537 et
676 4478 738 4537 due
757 4480 795 4538 de
821 4480 961 4541 athlazio
978 4483 1121 4542 eiusdem
1139 4482 1267 4557 coloris,
1291 4496 1321 4541 et
1345 4499 1409 4542 una
1424 4479 1487 4542 alie

229 4598 329 4661 cappa
354 4581 394 4642 de
419 4583 527 4643 veluto
552 4584 644 4664 nigro
668 4604 741 4645 cum
764 4585 924 4650 aurifriso.
961 4589 1039 4651 Date
1065 4609 1120 4670 per
1152 4589 1292 4650 eundem
1316 4588 1487 4651 dominum

230 4706 395 4752 arcarium.

339 4793 428 4874 item,
452 4815 551 4857 unum
578 4795 698 4875 velum,
730 4801 818 4881 quod
855 4804 1036 4864 extenditur
1061 4805 1091 4865 in
1125 4804 1227 4867 choro
1251 4800 1385 4867 ecclesie
1407 4814 1486 4865 tem-
