3428 5256
818 1533 884 1614 ΧΙ.

229 1786 321 1866 1508.
344 1785 423 1847 Pro
455 1785 587 1846 missa
619 1781 928 1845 defunctorum
973 1783 1173 1865 singulis
1208 1783 1366 1845 diebus
1389 1803 1491 1846 con·

222 1892 444 1955 tinuanda
468 1894 719 1972 submagna
744 1890 885 1968 missa,
916 1909 1047 1971 super
1071 1890 1206 1952 altari
1231 1889 1346 1972 quod
1371 1909 1490 1953 reve·

225 1998 522 2061 rendissimus
546 1998 753 2060 dominus
784 1997 970 2059 condam
995 1996 1219 2059 Osualdus
1244 1997 1489 2079 episcopus

225 2106 394 2188 apiago
419 2105 676 2187 aquilonari
709 2105 749 2164 in
782 2104 1035 2164 sanotuario
1068 2104 1115 2164 de
1141 2123 1251 2164 novo
1277 2102 1490 2165 fundave-

222 2225 295 2292 rat,
331 2211 447 2274 facts
483 2225 547 2273 est
582 2211 829 2272 conventio
866 2228 953 2270 cum
984 2210 1295 2292 prebendariis
1344 2227 1487 2290 usque

222 2318 565 2382 revolucionem
602 2317 704 2378 anni
742 2335 817 2398 pro
853 2312 951 2379 flor.
986 2316 1153 2397 viginti
1190 2316 1412 2397 quinque,
1447 2315 1490 2377 in

224 2422 1221 2504 duobusterminiseisdemsolvendis3quam
1247 2422 1490 2503 iidempre·

223 2530 427 2592 bendarii
452 2530 721 2610 inceperunt
746 2528 1012 2589 continuare
1037 2529 1077 2589 in
1104 2527 1220 2589 festo
1246 2528 1364 2590 beati
1391 2527 1491 2589 Bar·

224 2638 330 2698 nabe
356 2633 749 2717 apostoli‚ethanc
775 2633 1223 2716 missamCapitulum
1249 2634 1486 2697 ordinavit

312 2755 352 2804 et
375 2740 517 2803 solvit
548 2740 597 2802 de
631 2741 930 2823 proventibus
963 2740 1156 2822 ipsorum
1180 2741 1390 2823 propriis.

332 2996 429 3053 Anno
454 2990 629 3072 prescripto
662 2989 694 3050 in
728 2987 808 3051 festo
833 2989 916 3051 beati
942 2988 1072 3051 Martini
1104 2988 1258 3071 episcopi,
1283 2988 1490 3070 prebendarii

229 3117 287 3181 pro
322 3096 568 3179 supportacione
601 3095 774 3177 prescripte
806 3096 901 3158 misse
937 3094 1118 3157 habuerunt
1150 3094 1219 3158 flor.
1251 3093 1424 3156 duodecim
1457 3108 1491 3157 et

228 3203 382 3266 medium.

333 3331 428 3387 Anno
454 3326 586 3387 Domini
610 3346 699 3409 ¹509·
725 3327 825 3388 lidem
843 3327 1046 3410 prebendarii
1064 3328 1245 3389 habuerunt
1269 3326 1307 3387 de
1333 3325 1490 3406 Capitulo

227 3433 297 3497 flor.
322 3432 494 3494 duodecim
520 3447 550 3495 et
575 3432 729 3511 medium,
754 3434 786 3493 in
811 3431 892 3495 festo
917 3434 981 3494 Viti
1007 3449 1037 3495 et
1063 3434 1200 3495 Modesti
1226 3433 1404 3510 martirum,
1430 3451 1490 3514 pro

227 3539 474 3623 supportatione
499 3539 672 3621 prescripto
698 3540 802 3602 misse.

336 3662 461 3725 Eodem
487 3683 572 3725 anno
597 3664 628 3725 in
652 3661 732 3725 festo
756 3664 931 3726 Katherine
948 3665 1080 3745 virginis
1104 3664 1253 3727 dedimus
1278 3663 1418 3726 Johsnni
1435 3663 1493 3727 de·

231 3791 312 3833 cano
344 3769 630 3852 prebendariorum
662 3788 720 3852 pro
751 3771 998 3853 supportacione
1032 3771 1126 3831 misse
1160 3769 1384 3834 defunctorum
1421 3789 1492 3852 pre-

230 3877 346 3960 scripte
371 3876 439 3940 flor.
463 3876 635 3937 duodecim
661 3889 691 3937 et
715 3876 870 3941 medium.

335 3984 378 4045 lte
403 3996 450 4045 est
473 3997 507 4044 ut
532 3983 680 4045 scribitur
937 3984 1099 4047 Johsnnes
1123 3984 1275 4064 decanus,
1300 3985 1440 4067 propris.

340 4128 430 4188 ¹5¹0·
456 4107 525 4186 Ego
550 4106 713 4169 Johannes
729 4106 869 4170 decanus
890 4108 1178 4191 prebendariorum
1204 4108 1305 4172 fateor
1329 4128 1380 4169 me
1405 4127 1493 4172 rece·

230 4214 313 4297 pisse
337 4234 353 4274 a
378 4212 520 4275 dominis
544 4213 575 4273 in
600 4214 737 4275 sacrario
763 4214 793 4275 in
818 4211 899 4276 festo
925 4216 1091 4276 beatorum
1116 4215 1180 4277 Viti
1207 4228 1237 4277 et
1263 4214 1400 4277 Modesti
1433 4233 1493 4296 pro

230 4320 326 4381 misse
360 4317 584 4382 defunctorum
620 4317 689 4380 flor.
725 4319 838 4402 viginti
875 4321 1020 4403 quinque
1055 4339 1113 4403 pro
1149 4321 1284 4383 servicio
1321 4320 1395 4382 anni
1428 4320 1493 4403 jam

233 4445 318 4489 nunc
343 4426 477 4490 decursi.

344 4572 397 4631 151
410 4572 433 4614 r.
459 4550 529 4632 Ego
546 4551 570 4611 F
574 4552 733 4613 ranciscus
754 4550 894 4614 decanus
910 4552 1195 4634 prebendariorum
1213 4546 1315 4611 fateor
1332 4570 1383 4612 me
1407 4570 1493 4614 rece·

234 4657 317 4741 pisse
341 4677 359 4719 s
383 4656 524 4719 dominis
548 4658 579 4719 in
603 4659 741 4721 sacrario
767 4657 799 4719 in
827 4656 938 4739 vigilis
970 4657 1126 4721 Jobsnnis
1151 4654 1291 4735 Baptiste
1316 4676 1374 4736 pro
1398 4658 1494 4721 misso

235 4762 461 4828 defunctorum
485 4762 555 4829 flor.
579 4762 679 4829 XXV.
