3428 5256
498 1391 626 1484 (Anno
654 1388 810 1476 Domini
838 1388 1142 1490 MGGGGLXXI.)

183 1727 269 1803 Item
300 1728 334 1803 in
364 1751 457 1802 anno
497 1726 638 1801 Domini
678 1727 865 1802 millesimo
904 1729 1260 1827 quadringentesimo
1299 1740 1443 1829 septua-

182 1853 325 1949 gesimo
355 1853 480 1950 primo,
500 1861 665 1949 ternpore
681 1850 861 1947 judicatus
882 1853 945 1926 viri
967 1852 1104 1950 providi
1126 1863 1164 1927 et
1183 1853 1325 1929 bonesti
1349 1853 1444 1930 Con·

183 1976 257 2050 radi
275 1975 428 2051 Rawsar
456 1974 514 2050 filii
545 1973 666 2058 Vlrici
692 1974 822 2071 judicis
852 1975 948 2051 dicte
978 1977 1146 2063 civitatis,
1177 1978 1332 2053 sabbato
1363 2003 1443 2076 pro-

181 2101 276 2175 ximo
305 2101 473 2175 videlicet
501 2100 535 2174 in
565 2099 661 2174 sesto
692 2097 960 2174 l'urisicacionis
997 2101 1106 2175 beate
1144 2099 1256 2175 hlarie
1285 2101 1446 2199 virginis,

182 2248 291 2323 snper
319 2225 584 2323 registracione
605 2231 643 2298 et
663 2224 946 2322 consignacione
971 2225 1153 2299 literarum
1174 2225 1445 2323 privilegialium

181 2349 305 2422 civium
344 2358 383 2423 et
419 2347 697 2422 inhabitatorum
734 2347 830 2422 dicte
878 2349 1055 2433 civitatis,
1096 2350 1203 2423 modo
1242 2359 1280 2423 et
1320 2350 1445 2423 ordine

695 2469 943 2570 infrascriptis.

686 2714 727 2775 (2.
745 2702 920 2776 srbruarir').

287 2862 365 2923 ltem
392 2861 466 2941 quia
492 2861 551 2921 viri
576 2861 701 2942 providi
728 2875 758 2922 et
784 2861 908 2922 honesti
936 2861 1056 2937 Petrus,
1082 2861 1263 2941 Stephanus
1287 2874 1317 2921 et
1342 2860 1444 2922 Geor-

180 2968 253 3049 gius
276 2966 334 3028 lilii
359 2968 496 3027 condam
524 2966 688 3027 Benedicti
722 2967 896 3048 portulani,
928 2967 1006 3027 olim
1032 2967 1174 3027 concivis
1198 2967 1309 3044 nostri,
1333 2967 1444 3029 vendi-

182 3074 297 3134 derunt
321 3073 478 3154 quosdam
504 3072 586 3133 duos
609 3072 743 3152 (hlortos
776 3074 920 3154 ipsorum
954 3073 986 3134 in
1018 3073 1174 3134 suburbio
1199 3072 1284 3134 dicte
1308 3073 1445 3135 civitatis

181 3199 281 3261 prope
299 3179 420 3241 lontem
448 3179 681 3240 blandwsevvcz
698 3193 728 3239 et
753 3180 834 3240 inter
850 3180 1007 3260 (h)ortum
1026 3180 1114 3241 Pauli
1133 3179 1296 3258 aurifabri,
1310 3181 1444 3242 senioris

179 3285 270 3365 iurati
296 3300 326 3347 et
350 3286 491 3347 concivis
513 3286 624 3363 nostri,
639 3284 697 3346 lilii
716 3285 868 3367 Stephani
895 3286 934 3346 de
953 3287 1019 3368 Kys
1038 3287 1138 3364 lenm,
1163 3307 1179 3348 a
1205 3287 1395 3365 meridione,
1413 3303 1444 3349 et

179 3392 260 3453 inter
285 3392 352 3452 vias
375 3411 565 3453 communes
588 3412 605 3452 a
630 3392 883 3473 septemtrionali
909 3405 940 3453 et
963 3392 1111 3453 orientali
1142 3393 1284 3473 partibus
1308 3393 1445 3469 habitos,

180 3497 361 3579 contiguos,
386 3496 509 3579 prelato
535 3498 635 3558 Paulo
668 3497 841 3575 aurifabr0,
872 3499 975 3579 magis
1007 3499 1217 3560 voluntariori
1244 3499 1361 3571 vicino,
1386 3517 1444 3579 pro

178 3618 317 3684 quatuor
341 3604 410 3666 flor.
436 3604 503 3664 auri
529 3617 560 3664 et
582 3605 746 3685 sexaginta
772 3605 922 3681 denariis,
946 3619 976 3665 et
1001 3605 1068 3665 suis
1085 3605 1257 3666 heredibus
1281 3604 1348 3683 jure
1373 3624 1443 3686 per·

179 3722 278 3790 petuo
303 3725 333 3771 et
357 3709 612 3772 irrevocabiliter
635 3709 860 3792 possidendos,
893 3711 1051 3772 tenendos
1082 3712 1199 3792 pariter
1223 3724 1255 3772 et
1279 3709 1444 3771 habendos

179 3815 405 3879 vendiderunt.

283 3921 361 3986 ltem
387 3923 462 4004 quia
499 3922 547 3983 vir
579 3923 734 4004 providus
766 3936 797 3983 et
828 3923 981 3984 honestus
1013 3922 1189 4003 Gregorius
1213 3937 1311 3999 sutor,
1338 3923 1444 3984 senior

178 4027 300 4110 juratus
323 4044 353 4091 et
377 4029 518 4091 concivis
543 4044 660 4106 noster,
686 4028 771 4090 lilius
797 4029 961 4090 Benedicti
987 4029 1026 4089 de
1052 4029 1296 4111 Polosythycza,
1321 4029 1361 4089 ad
1386 4048 1443 4089 no·

177 4147 274 4196 stram
316 4134 528 4217 personaliter
567 4135 699 4196 veniens
732 4135 974 4215 (presenciam),
1006 4133 1171 4195 confessus
1210 4149 1256 4195 est
1288 4135 1318 4194 in
1361 4133 1444 4194 hunc

177 4239 322 4318 modum,
348 4253 382 4302 ut
407 4241 473 4323 ipse
498 4240 651 4302 directam
679 4255 708 4302 et
733 4242 882 4321 equalem
908 4240 1114 4302 medietatem
1140 4240 1306 4301 cuiusdam
1325 4240 1442 4300 domus

178 4359 312 4424 murate,
338 4347 526 4427 porcionem
551 4347 702 4407 videlicet
725 4365 828 4424 suam,
852 4347 986 4407 indicta
1008 4347 1146 4423 civitate,
1171 4359 1201 4406 et
1219 4347 1299 4407 inter
1317 4345 1443 4420 domos,

178 4448 296 4514 luridos
320 4465 350 4514 et
374 4451 534 4530 hedificia,
567 4454 607 4514 ab
641 4473 714 4530 una,
745 4453 898 4514 videlicet
929 4454 1134 4514 meridionali
1170 4468 1269 4534 parte,
1302 4468 1331 4514 et
1364 4453 1445 4514 inter

178 4557 304 4637 domos,
330 4557 447 4620 lundos
471 4573 502 4620 et
527 4558 675 4621 hedificia
704 4559 763 4620 viri
788 4560 913 4641 providi
941 4574 971 4621 et
1002 4559 1127 4620 bonesti
1157 4558 1252 4619 Blasii
1279 4559 1444 4635 institoris,

178 4663 325 4725 moderni
351 4663 456 4745 jurati,
480 4665 672 4726 successoris
704 4665 842 4727 condam
876 4665 1005 4726 Matheo
1038 4665 1203 4742 institoris,
1229 4666 1268 4725 ab
1294 4665 1442 4726 orientali

177 4782 278 4853 pane,
301 4783 332 4831 et
356 4769 438 4833 inter
462 4770 543 4833 duas
567 4771 634 4832 vias
650 4790 851 4847 communes,
876 4790 973 4833 unam
998 4791 1014 4832 a
1039 4771 1267 4854 septemtrione
1293 4786 1323 4832 et
1347 4771 1443 4832 aliam

1342 4880 1351 4921 r
